3140 4972
242 173 304 239 158
477 179 686 244 omassum
700 179 765 245 aas
781 179 897 242 raam
911 177 1143 244 causarer.
1304 175 1377 258 [ιν.
1451 140 1454 144 ’

238 351 295 421 vel
320 350 405 423 alias
426 353 566 446 publice
589 356 626 425 in
646 354 803 446 ejusdem
819 355 1073 448 jurisdictionis
1095 352 1249 436 archivo,
1267 353 1319 422 ita
1335 359 1377 420 ut

239 467 352 558 quivis
383 469 540 560 ejusdem
569 471 698 541 tabulae
731 470 953 562 inspicienda
983 469 1191 542 facultatem
1223 467 1376 538 habeat:

237 605 315 673 quae
340 584 482 675 quidem
508 585 630 657 tabula
655 588 692 656 in
722 609 759 658 sa
789 587 986 658 continebit
1015 594 1191 680 separatas
1223 605 1377 656 summas

237 698 454 792 singulorum
476 701 668 784 feodorum,
687 725 764 794 quae
781 711 894 773 tama
912 702 1044 794 judice,
1063 724 1207 794 quama
1231 699 1376 795 singulis

236 812 312 884 aliis
338 815 509 888 officiariis
532 842 573 888 ao
596 819 763 888 ministris
783 819 942 911 ejusdem
966 819 1070 888 curiae
1091 817 1310 908 frequentius
1334 829 1403 886 aas

234 931 398 1003 usitatius
423 933 469 1003 ab
486 933 587 1004 initio
612 936 711 1028 regni
733 935 835 1005 dictae
861 935 1087 1006 serenissimae
1110 935 1239 1028 reginae
1265 955 1376 1025 usque

234 1048 280 1118 ad
302 1049 480 1120 decimum
502 1060 668 1122 octavum
691 1053 885 1145 majestatis
902 1074 973 1122 sua
989 1073 1122 1122 annum
1141 1051 1274 1142 percipi
1293 1073 1376 1120 con-

235 1176 435 1236 sueverunt.
500 1167 647 1239 Curabit
684 1175 852 1260 praeterea
890 1167 1039 1261 quilibet
1078 1166 1271 1259 episcopus,
1307 1164 1374 1249 vel,

234 1279 317 1350 sede
332 1292 490 1366 vacante,
504 1294 622 1355 custos
635 1285 898 1377 spiritualitatis,
911 1294 953 1356 ut
966 1285 1114 1379 quilibet
1125 1284 1238 1376 judex
1256 1281 1376 1376 hujus-

233 1396 330 1468 modi
358 1400 446 1470 citra
467 1399 634 1472 ultimum
658 1402 752 1472 diem
775 1403 910 1496 praefati
937 1403 1067 1474 mensis
1091 1401 1181 1472 Maii
1209 1401 1421 1494 episcopare

234 1535 306 1596 suo,
320 1516 378 1585 vel
395 1518 532 1588 custodi
550 1517 817 1610 spiritualitatis,
829 1518 935 1590 fidele
948 1527 986 1589 et
999 1519 1238 1590 auctenticum
1254 1541 1374 1588 exem-

232 1629 309 1723 plar
330 1631 459 1703 tabulae
484 1633 667 1704 feodorum
695 1636 951 1728 premissorum
976 1637 1013 1707 in
1041 1635 1189 1706 archivis
1219 1637 1372 1730 episcopi

233 1748 501 1820 custodiendum
518 1752 655 1836 tradat3
673 1753 733 1843 qui
750 1775 833 1824 vero
851 1762 973 1825 contra
990 1754 1123 1837 fecerit,
1140 1754 1170 1825 is
1186 1753 1231 1825 ab
1245 1775 1373 1826 execu-

231 1865 328 1936 tione
343 1865 446 1938 officii
461 1868 514 1938 sui
527 1891 590 1961 per
600 1869 813 1941 ordinarium
824 1893 926 1942 suum
940 1871 1145 1941 immediate
1158 1873 1371 1965 superiorem

231 2005 386 2074 eousque
408 1986 649 2078 suspendetur,
668 1986 780 2058 donec
800 1987 976 2081 praemissa
998 1987 1160 2058 modoet
1181 1988 1293 2060 forma
1315 2003 1416 2062 su-15

230 2101 347 2192 perius
364 2102 572 2194 specificatis
589 2103 785 2196 perfecerit.

281 2216 442 2301 Quorum
473 2219 629 2289 omnium
661 2218 926 2313 exemplarium,
952 2219 1079 2314 singuli
1110 2219 1263 2314 episcopi
1292 2243 1372 2313 pro-

129 2316 132 2326 ¹
229 2332 352 2402 vincia
375 2332 646 2418 cantuariensis,
670 2335 726 2405 vel
748 2336 911 2407 custodes
933 2335 1188 2428 spiritualitatis
1205 2335 1309 2406 fidele
1332 2344 1371 2406 et

229 2450 470 2520 auctenticum
504 2452 778 2522 instrumentum
808 2453 845 2522 in
879 2471 1092 2546 pergameno
1122 2453 1368 2546 conscriptum,

229 2565 273 2634 ad
301 2565 600 2660 archiepiscopum
627 2568 716 2638 citra
737 2567 905 2638 ultimum
927 2570 1021 2639 diem
1046 2569 1176 2639 mensis
1204 2566 1412 2640 Octobrisw

227 2683 388 2773 proxime
406 2683 565 2753 [uturum
581 2684 834 2754 transmittent.

278 2797 389 2868 Poenu
405 2822 488 2870 vero
506 2801 675 2893 cujusque
692 2800 859 2885 officiarii,
877 2823 919 2871 nc
935 2801 1087 2872 ministri
1104 2799 1366 2894 majorafeoda,

227 2936 333 3005 quam
359 2939 435 3008 quae
457 2917 495 2986 in
519 2915 719 3010 hujusmodi
745 2917 875 2988 tabulis
898 2919 1092 3011 respective
1115 2917 1366 3011 exprimentur,

226 3033 460 3125 percipientis,
478 3035 657 3127 suspensio
675 3035 743 3105 erit
766 3057 831 3126 per
851 3057 913 3104 sex
934 3057 1073 3106 menses
1094 3033 1139 3104 ab
1157 3033 1367 3105 executione

227 3147 330 3218 officii
353 3149 407 3218 sui
430 3173 492 3241 per
517 3151 729 3220 ordinarium
755 3172 857 3220 suum
882 3150 1084 3244 infligenda,
1110 3150 1166 3222 vel
1192 3149 1365 3221 ordinario
1375 3169 1411 3229 25

226 3265 441 3359 negligente,
458 3275 520 3336 aut
544 3266 580 3335 id
605 3267 719 3338 facere
743 3269 943 3350 omittente,
966 3291 1030 3360 per
1055 3266 1365 3360 archiepiscopum,

225 3385 285 3475 qui
302 3383 411 3454 aliurn
429 3382 665 3476 delinquentis
681 3384 759 3455 loco
776 3385 918 3455 interim
936 3383 1133 3477 deputabit.

275 3499 419 3570 Proviso
450 3523 597 3592 semper,
624 3501 716 3592 quod
748 3502 778 3570 si
807 3499 936 3570 alicubi
965 3499 1112 3571 dubium
1142 3499 1258 3582 fuerit,
1286 3520 1363 3590 quae

225 3615 328 3685 feoda
351 3639 462 3707 usque
485 3617 529 3687 ad
552 3617 758 3708 pradictum
782 3616 959 3686 decimum
983 3626 1147 3688 octavum
1169 3615 1274 3708 regiae
1290 3637 1366 3684 rna·

218 3735 359 3828 jestatis
392 3757 523 3805 annum
554 3735 781 3805 usitatissime
814 3741 981 3826 percepta
1013 3734 1168 3815 fuerint3
1209 3740 1286 3800 tum
1321 3753 1408 3815 ea30

224 3851 328 3921 feoda
347 3873 410 3943 pro
434 3848 601 3944 legitimis
623 3850 857 3934 habebuntur,
876 3873 953 3942 quae
975 3873 1038 3944 per
1062 3848 1362 3942 archiepiscopum

224 3967 514 4038 cantuariensem
547 3966 613 4037 sub
646 3989 771 4038 manus
805 3989 875 4036 suae
904 3965 1160 4058 subscriptione
1193 3966 1363 4059 approba-

223 4087 364 4168 buntur,
382 4085 447 4155 nisi
476 4091 610 4155 statuta
632 4084 736 4177 hujus
758 4083 856 4176 regni
875 4079 1014 4175 Angliae
1031 4083 1107 4174 jam
1128 4091 1233 4153 antea
1255 4080 1361 4164 edita,

221 4201 290 4272 alia
307 4203 343 4270 in
361 4224 570 4292 quocunque
588 4223 671 4272 casu
687 4200 791 4271 feoda
808 4222 970 4293 expresse
987 4199 1248 4292 praestituerint.

270 4317 415 4387 Proviso
437 4317 587 4410 insuper,
611 4318 705 4410 quod
728 4339 842 4409 neque
867 4317 1127 4410 archiepiscopo
1149 4339 1265 4407 neque
1288 4316 1404 4408 epi-35

220 4457 335 4526 scopo,
377 4431 433 4502 vel
469 4433 611 4517 directe,
645 4433 702 4504 vel
735 4433 908 4505 indirecta
945 4433 1098 4526 aliquam
1132 4434 1360 4526 pecuniarum
