3140 4972
177 231 283 315 1604]
399 229 619 302 constitutions
634 229 700 293 ond
714 231 838 295 Conona
853 229 1092 296 &olooiostr'oot
1241 230 1305 298 229

171 401 402 486 exhibebunt,
436 406 541 498 idque
575 405 640 476 mh
668 427 772 498 poena
800 407 1033 499 suspensionis
1067 427 1129 498 per
1162 403 1304 474 eosdem

171 523 362 594 ordinarios
389 523 599 618 infligenda3
632 529 739 614 atque
766 523 816 593 sic
841 522 1006 616 deinceps
1033 519 1178 616 singulis
1206 520 1305 589 annis
1426 581 1429 588 .

170 639 408 730 sequentibus,
442 640 508 710 sub
537 637 641 710 simili
670 661 774 731 poena
802 647 885 709 ante
918 637 1047 708 festum
1079 635 1116 707 S.
1133 634 1304 706 Johannis

170 755 351 849 Baptistae.
402 754 551 850 Insuper
579 753 794 825 tenebuntur
823 776 943 824 omnes
968 751 1141 834 ordinarii,
1169 750 1305 821 cancel·

170 870 257 954 larii,
276 871 511 955 commissarii,
529 871 771 953 archidiaconi,
792 869 966 952 officiales,
983 869 1169 960 caeterique
1193 866 1328 942 eccle-5

169 988 309 1059 siastica
322 987 567 1080 jurisdictione
589 986 787 1081 fungentes,
805 986 931 1078 quibus
953 984 1162 1078 supradictae
1186 984 1305 1054 detec-

169 1105 285 1174 tiones
318 1103 485 1174 exhibite
518 1103 658 1187 fuerint,
692 1103 833 1175 easdem
865 1103 956 1174 infra
991 1124 1149 1173 mensem
1181 1123 1303 1182 unum,

169 1229 356 1314 postquam
373 1219 451 1290 illas
467 1220 671 1312 receperint,
688 1219 850 1312 episcopo
867 1241 930 1290 suo
947 1218 1142 1311 respective
1155 1215 1302 1300 tradere,

170 1336 236 1407 sub
263 1356 367 1429 poena
397 1336 630 1429 suspensionis
659 1338 835 1407 semestris
864 1336 909 1407 ab
942 1337 1037 1405 omni
1066 1333 1221 1404 muneris
1250 1333 1303 1404 sui

170 1453 391 1536 executione,
421 1475 484 1545 per
511 1455 722 1546 episcopum,
753 1453 890 1546 quoties
918 1451 985 1522 hac
1014 1452 1051 1522 in
1079 1459 1179 1544 parte
1209 1449 1347 1520 dcte-ro

169 1570 294 1654 cerint,
310 1570 513 1664 irroganda;
530 1572 591 1662 qui
608 1579 645 1641 et
661 1571 736 1663 ipse
748 1569 890 1641 easdem
906 1569 996 1638 infra
1012 1589 1075 1639 sex
1092 1567 1304 1660 septimanas

170 1687 429 1780 archiepiscopo
453 1687 589 1757 curabit
611 1685 737 1771 offerri,
757 1708 820 1779 per
842 1684 993 1756 eundem
1015 1683 1106 1754 infra
1130 1683 1215 1753 alias
1241 1705 1303 1753 sex

170 1801 391 1894 septimanas,
431 1811 617 1896 postquam
656 1804 730 1896 ipse
769 1801 949 1894 receperit,
986 1801 1091 1896 regie
1127 1797 1303 1891 majestati

169 1919 437 2012 presentandus.
1282 1903 1284 1906 ⁵

169 2116 289 2191 CXV.
326 2115 381 2188 Nc
398 2118 568 2190 miohtrio
580 2125 640 2189 oct
651 2115 969 2214 oemoomusroudr'
981 2116 1028 2188 sit
1040 2117 1302 2187 criminosorum
1314 2140 1345 2198 1⁵

664 2233 812 2305 domnio.

220 2382 340 2468 Quum
362 2382 407 2453 ad
433 2382 684 2453 correctionem
707 2381 892 2452 criminum
917 2389 955 2450 et
979 2379 1162 2451 hominum
1188 2379 1303 2449 crimi-

169 2520 334 2569 nosorum
367 2497 592 2569 ecclesiarum
624 2499 806 2580 oeconomi,
840 2497 1071 2590 inquisitores,
1101 2497 1175 2567 sive
1204 2495 1303 2565 assis-

171 2623 297 2697 tentes,
321 2613 449 2707 aliique
472 2613 509 2684 id
524 2635 636 2708 genus
653 2612 807 2684 officiarii
833 2611 1059 2684 ecclesiastici
1075 2613 1092 2705 j
1151 2609 1303 2704 jurando

169 2731 439 2825 obstringantur,
454 2730 750 2823 quemadmodum
764 2738 801 2800 et
813 2729 962 2800 ministri
975 2737 1095 2799 nostra
1109 2727 1303 2797 monitione
1312 2759 1347 2798 20

170 2855 336 2917 tenentur
356 2855 430 2917 tam
455 2847 530 2940 ipsa
555 2847 699 2918 crimina
724 2853 761 2916 et
789 2845 909 2938 culpas
933 2869 955 2920 a
980 2845 1082 2915 dictis
1111 2844 1303 2914 criminosis

168 2980 395 3065 perpetratas,
428 2993 535 3064 quam
568 2973 675 3042 etiam
713 2968 889 3064 publicam
928 2969 1058 3040 famam
1096 2969 1142 3039 de
1179 2967 1302 3038 iisdem

168 3111 323 3181 sparsam
356 3096 394 3158 et
423 3087 684 3158 disseminatam
713 3086 861 3169 deferre,
887 3093 924 3155 et
956 3091 1175 3179 prasentare,
1209 3083 1303 3152 unde

168 3227 259 3297 saepe
288 3203 408 3275 odium
432 3203 512 3287 illis,
539 3213 576 3275 et
602 3204 742 3288 invidia,
772 3201 981 3296 quandoque
1008 3202 1116 3273 etiam
1140 3200 1303 3270 molestia

168 3342 231 3412 per
247 3319 359 3392 dictos
377 3328 495 3392 sontes
511 3342 677 3390 eorumve
700 3321 830 3390 amicos
847 3317 1039 3403 condatur;
1064 3340 1248 3389 monemus
1265 3326 1302 3388 et
1312 3343 1345 3400 25

168 3436 350 3507 hortamur
373 3458 495 3508 omnes
513 3435 652 3529 judices
681 3445 754 3506 tam
780 3435 1042 3519 ecclesiasticos,
1072 3457 1177 3528 quam
1204 3456 1302 3504 secu·

168 3552 267 3635 lares,
289 3559 461 3645 quatenus
483 3554 706 3626 tremendum
727 3554 856 3626 summi
873 3553 1004 3647 judicis
1023 3553 1177 3625 tribunal
1195 3553 1302 3646 respi-

168 3669 276 3752 ciunt,
303 3677 342 3740 et
369 3677 581 3753 reverentur,
606 3693 652 3740 nc
677 3671 867 3742 admittant
895 3670 932 3740 in
961 3671 1032 3740 suis
1059 3670 1164 3740 curiis
1192 3669 1301 3739 ullam

168 3785 356 3877 querelam,
386 3787 572 3869 actionem,
599 3786 670 3858 litis
698 3787 1017 3880 intemptationem,
1048 3794 1111 3856 aut
1140 3807 1301 3879 prosecu-

168 3901 302 3971 tionem
325 3911 448 3972 contra
471 3901 562 3972 ullos
586 3903 811 3975 ecclesiarum
839 3925 1047 3984 oeconomos,
1072 3909 1134 3971 aut
1159 3902 1345 3994 inquisi-3o

168 4028 271 4098 tores,
290 4018 363 4088 sive
380 4019 591 4102 assistentes,
609 4018 738 4090 aliosve
759 4019 941 4091 officiarios
961 4015 1222 4100 ecclesiasticos,
1240 4017 1301 4109 qui

168 4135 338 4225 ejusmodi
364 4134 583 4205 detectioncs
608 4135 842 4220 exhibuerint,
867 4158 932 4206 nec
958 4143 1080 4206 contra
1099 4134 1299 4204 ministrum

167 4251 329 4342 aliquem,
347 4273 593 4344 quamcunque
609 4250 753 4322 demum
769 4275 953 4346 personam
970 4252 1026 4323 vel
1043 4250 1183 4346 culpam
1200 4252 1301 4322 detu-

167 4365 270 4450 lerit;
305 4389 414 4458 quum
444 4390 566 4438 omnes
599 4371 769 4462 ejusmodi
806 4369 999 4441 delationes
1031 4369 1076 4440 ad
1109 4367 1301 4461 impietatis

166 4481 349 4556 audaciam
365 4481 597 4556 cohibendam
620 4493 790 4579 spectent,
808 4509 987 4580 quumque
1003 4494 1078 4558 tam
1100 4507 1147 4556 ex
1170 4483 1343 4580 regulis35
