<?xml version="1.0" encoding="UTF-8"?>
<!DOCTYPE html PUBLIC "-//W3C//DTD XHTML 1.0 Transitional//EN"
    "http://www.w3.org/TR/xhtml1/DTD/xhtml1-transitional.dtd">
<html xmlns="http://www.w3.org/1999/xhtml" xml:lang="en" lang="en">
 <head>
  <title>
</title>
<meta http-equiv="Content-Type" content="text/html;charset=utf-8" />
  <meta name='ocr-system' content='tesseract 3.04.00' />
  <meta name='ocr-capabilities' content='ocr_page ocr_carea ocr_par ocr_line ocrx_word'/>
</head>
<body>
  <div class='ocr_page' id='page_1' title='image "./synodaliaacolle00cardgoog_0283.png"; bbox 0 0 3156 4968; ppageno 0'>
   <div class='ocr_carea' id='block_1_1' title="bbox 234 205 1383 295">
    <p class='ocr_par' dir='ltr' id='par_1_1' title="bbox 234 205 1383 295">
     <span class='ocr_line' id='line_1_1' title="bbox 234 205 1383 295; baseline -0.003 -21"><span class='ocrx_word' id='word_1_1' title='bbox 234 209 312 276; x_wconf 84' lang='lat' dir='ltr'>·aas</span> <span class='ocrx_word' id='word_1_2' title='bbox 466 208 901 276; x_wconf 72' lang='lat' dir='ltr'>omaaaaaaacam</span> <span class='ocrx_word' id='word_1_3' title='bbox 915 207 1155 276; x_wconf 57' lang='lat' dir='ltr'>mataras.</span> <span class='ocrx_word' id='word_1_4' title='bbox 1323 205 1383 295; x_wconf 88' lang='lat' dir='ltr'>[v.</span> 
     </span>
    </p>
   </div>
   <div class='ocr_carea' id='block_1_2' title="bbox 247 383 1382 593">
    <p class='ocr_par' dir='ltr' id='par_1_2' title="bbox 247 383 1382 593">
     <span class='ocr_line' id='line_1_2' title="bbox 247 383 1382 478; baseline -0.002 -22"><span class='ocrx_word' id='word_1_5' title='bbox 247 383 405 456; x_wconf 80' lang='lat' dir='ltr'>bimestri</span> <span class='ocrx_word' id='word_1_6' title='bbox 423 386 649 478; x_wconf 79' lang='lat' dir='ltr'>suspensione</span> <span class='ocrx_word' id='word_1_7' title='bbox 670 386 716 468; x_wconf 90' lang='lat' dir='ltr'>ab</span> <span class='ocrx_word' id='word_1_8' title='bbox 736 385 906 457; x_wconf 86' lang='lat' dir='ltr'>exercitio</span> <span class='ocrx_word' id='word_1_9' title='bbox 926 384 1032 458; x_wconf 89' lang='lat' dir='ltr'>officii</span> <span class='ocrx_word' id='word_1_10' title='bbox 1054 385 1117 468; x_wconf 90' lang='lat' dir='ltr'>sui,</span> <span class='ocrx_word' id='word_1_11' title='bbox 1134 383 1266 474; x_wconf 89' lang='lat' dir='ltr'>absque</span> <span class='ocrx_word' id='word_1_12' title='bbox 1287 383 1382 454; x_wconf 91' lang='lat' dir='ltr'>omni</span> 
     </span>
     <span class='ocr_line' id='line_1_3' title="bbox 248 499 1072 593; baseline 0.001 -22"><span class='ocrx_word' id='word_1_13' title='bbox 248 522 310 593; x_wconf 93' lang='lat' dir='ltr'>spe</span> <span class='ocrx_word' id='word_1_14' title='bbox 327 499 562 584; x_wconf 72' lang='lat' dir='ltr'>relaxationis,</span> <span class='ocrx_word' id='word_1_15' title='bbox 579 509 641 572; x_wconf 92' lang='lat' dir='ltr'>ant</span> <span class='ocrx_word' id='word_1_16' title='bbox 657 501 899 586; x_wconf 75' lang='lat' dir='ltr'>restitutionis,</span> <span class='ocrx_word' id='word_1_17' title='bbox 916 501 1072 573; x_wconf 80' lang='lat' dir='ltr'>ferietua</span> 
     </span>
    </p>
   </div>
   <div class='ocr_carea' id='block_1_3' title="bbox 249 696 1384 910">
    <p class='ocr_par' dir='ltr' id='par_1_3' title="bbox 249 696 1384 910">
     <span class='ocr_line' id='line_1_4' title="bbox 249 696 1384 793; baseline 0.001 -23"><span class='ocrx_word' id='word_1_18' title='bbox 249 696 410 770; x_wconf 84' lang='lat' dir='ltr'>CXXX.</span> <span class='ocrx_word' id='word_1_19' title='bbox 462 697 721 785; x_wconf 77' lang='lat' dir='ltr'>Procuratores,</span> <span class='ocrx_word' id='word_1_20' title='bbox 754 699 829 771; x_wconf 84' lang='lat' dir='ltr'>siae</span> <span class='ocrx_word' id='word_1_21' title='bbox 862 698 1017 772; x_wconf 68' lang='lat' dir='ltr'>adonemi</span> <span class='ocrx_word' id='word_1_22' title='bbox 1052 697 1196 793; x_wconf 73' lang='lat' dir='ltr'>alicrp&#39;aa</span> <span class='ocrx_word' id='word_1_23' title='bbox 1230 697 1384 784; x_wconf 75' lang='lat' dir='ltr'>amicilia,</span> 
     </span>
     <span class='ocr_line' id='line_1_5' title="bbox 579 811 1053 910; baseline -0.002 -23"><span class='ocrx_word' id='word_1_24' title='bbox 579 837 699 888; x_wconf 78' lang='lat' dir='ltr'>carcaa</span> <span class='ocrx_word' id='word_1_25' title='bbox 715 814 862 886; x_wconf 77' lang='lat' dir='ltr'>retinere</span> <span class='ocrx_word' id='word_1_26' title='bbox 873 811 1053 910; x_wconf 75' lang='lat' dir='ltr'>prohibiti.</span> 
     </span>
    </p>
   </div>
   <div class='ocr_carea' id='block_1_4' title="bbox 248 963 1430 1875">
    <p class='ocr_par' dir='ltr' id='par_1_4' title="bbox 248 963 1430 1875">
     <span class='ocr_line' id='line_1_6' title="bbox 299 963 1411 1062; baseline -0.003 -24"><span class='ocrx_word' id='word_1_27' title='bbox 299 963 360 1053; x_wconf 80' lang='lat' dir='ltr'>Ad</span> <span class='ocrx_word' id='word_1_28' title='bbox 389 966 597 1038; x_wconf 89' lang='lat' dir='ltr'>minuendas</span> <span class='ocrx_word' id='word_1_29' title='bbox 625 974 663 1037; x_wconf 89' lang='lat' dir='ltr'>et</span> <span class='ocrx_word' id='word_1_30' title='bbox 692 966 943 1060; x_wconf 86' lang='lat' dir='ltr'>consopiendas</span> <span class='ocrx_word' id='word_1_31' title='bbox 971 966 1063 1052; x_wconf 87' lang='lat' dir='ltr'>lites,</span> <span class='ocrx_word' id='word_1_32' title='bbox 1093 989 1135 1039; x_wconf 91' lang='lat' dir='ltr'>ac</span> <span class='ocrx_word' id='word_1_33' title='bbox 1169 966 1411 1062; x_wconf 81' lang='lat' dir='ltr'>litigantium5</span> 
     </span>
     <span class='ocr_line' id='line_1_7' title="bbox 250 1081 1386 1178; baseline -0.001 -24"><span class='ocrx_word' id='word_1_34' title='bbox 250 1083 408 1177; x_wconf 84' lang='lat' dir='ltr'>querelas</span> <span class='ocrx_word' id='word_1_35' title='bbox 442 1083 625 1166; x_wconf 89' lang='lat' dir='ltr'>tollendas,</span> <span class='ocrx_word' id='word_1_36' title='bbox 655 1084 715 1176; x_wconf 92' lang='lat' dir='ltr'>qui</span> <span class='ocrx_word' id='word_1_37' title='bbox 744 1093 1008 1176; x_wconf 87' lang='lat' dir='ltr'>procuratorum</span> <span class='ocrx_word' id='word_1_38' title='bbox 1037 1083 1172 1154; x_wconf 91' lang='lat' dir='ltr'>incuria</span> <span class='ocrx_word' id='word_1_39' title='bbox 1203 1106 1246 1154; x_wconf 89' lang='lat' dir='ltr'>ac</span> <span class='ocrx_word' id='word_1_40' title='bbox 1273 1081 1386 1178; x_wconf 83' lang='lat' dir='ltr'>negli-</span> 
     </span>
     <span class='ocr_line' id='line_1_8' title="bbox 248 1198 1386 1296; baseline -0.003 -25"><span class='ocrx_word' id='word_1_41' title='bbox 248 1200 381 1296; x_wconf 79' lang='lat' dir='ltr'>gentia,</span> <span class='ocrx_word' id='word_1_42' title='bbox 398 1198 456 1270; x_wconf 82' lang='lat' dir='ltr'>vel</span> <span class='ocrx_word' id='word_1_43' title='bbox 478 1201 587 1272; x_wconf 89' lang='lat' dir='ltr'>etiam</span> <span class='ocrx_word' id='word_1_44' title='bbox 607 1200 748 1271; x_wconf 91' lang='lat' dir='ltr'>inscitia</span> <span class='ocrx_word' id='word_1_45' title='bbox 763 1200 945 1272; x_wconf 80' lang='lat' dir='ltr'>multoties</span> <span class='ocrx_word' id='word_1_46' title='bbox 962 1223 1067 1272; x_wconf 89' lang='lat' dir='ltr'>causa</span> <span class='ocrx_word' id='word_1_47' title='bbox 1082 1199 1224 1282; x_wconf 86' lang='lat' dir='ltr'>cadunt,</span> <span class='ocrx_word' id='word_1_48' title='bbox 1247 1220 1386 1270; x_wconf 87' lang='lat' dir='ltr'>necnon</span> 
     </span>
     <span class='ocr_line' id='line_1_9' title="bbox 250 1314 1386 1409; baseline -0.004 -19"><span class='ocrx_word' id='word_1_49' title='bbox 250 1317 295 1391; x_wconf 87' lang='lat' dir='ltr'>ad</span> <span class='ocrx_word' id='word_1_50' title='bbox 324 1317 582 1387; x_wconf 89' lang='lat' dir='ltr'>incrementum</span> <span class='ocrx_word' id='word_1_51' title='bbox 611 1316 784 1387; x_wconf 88' lang='lat' dir='ltr'>bonarum</span> <span class='ocrx_word' id='word_1_52' title='bbox 812 1315 1004 1398; x_wconf 88' lang='lat' dir='ltr'>literarum,</span> <span class='ocrx_word' id='word_1_53' title='bbox 1026 1316 1186 1409; x_wconf 87' lang='lat' dir='ltr'>jurisque</span> <span class='ocrx_word' id='word_1_54' title='bbox 1212 1314 1323 1386; x_wconf 83' lang='lat' dir='ltr'>civilis</span> <span class='ocrx_word' id='word_1_55' title='bbox 1348 1322 1386 1386; x_wconf 89' lang='lat' dir='ltr'>et</span> 
     </span>
     <span class='ocr_line' id='line_1_10' title="bbox 250 1431 1386 1527; baseline 0 -23"><span class='ocrx_word' id='word_1_56' title='bbox 250 1432 408 1505; x_wconf 90' lang='lat' dir='ltr'>canonici</span> <span class='ocrx_word' id='word_1_57' title='bbox 434 1431 742 1527; x_wconf 73' lang='lat' dir='ltr'>propagationem</span> <span class='ocrx_word' id='word_1_58' title='bbox 762 1431 870 1525; x_wconf 84' lang='lat' dir='ltr'>juxta</span> <span class='ocrx_word' id='word_1_59' title='bbox 894 1431 1087 1504; x_wconf 77' lang='lat' dir='ltr'>laudabiles</span> <span class='ocrx_word' id='word_1_60' title='bbox 1114 1431 1386 1504; x_wconf 86' lang='lat' dir='ltr'>consuetudines</span> 
     </span>
     <span class='ocr_line' id='line_1_11' title="bbox 249 1545 1430 1641; baseline -0.004 -20"><span class='ocrx_word' id='word_1_61' title='bbox 249 1549 287 1621; x_wconf 93' lang='lat' dir='ltr'>in</span> <span class='ocrx_word' id='word_1_62' title='bbox 310 1548 414 1619; x_wconf 85' lang='lat' dir='ltr'>curiis</span> <span class='ocrx_word' id='word_1_63' title='bbox 437 1547 686 1641; x_wconf 88' lang='lat' dir='ltr'>archiepiscopi</span> <span class='ocrx_word' id='word_1_64' title='bbox 704 1545 964 1620; x_wconf 85' lang='lat' dir='ltr'>Cantuarieneis</span> <span class='ocrx_word' id='word_1_65' title='bbox 984 1547 1155 1621; x_wconf 88' lang='lat' dir='ltr'>hactenus</span> <span class='ocrx_word' id='word_1_66' title='bbox 1176 1548 1385 1631; x_wconf 83' lang='lat' dir='ltr'>observatas,</span> <span class='ocrx_word' id='word_1_67' title='bbox 1397 1576 1430 1617; x_wconf 82' lang='grc' dir='ltr'>ιο</span> 
     </span>
     <span class='ocr_line' id='line_1_12' title="bbox 250 1663 1387 1758; baseline -0.003 -20"><span class='ocrx_word' id='word_1_68' title='bbox 250 1667 437 1738; x_wconf 88' lang='lat' dir='ltr'>statuimus</span> <span class='ocrx_word' id='word_1_69' title='bbox 453 1672 491 1735; x_wconf 92' lang='lat' dir='ltr'>et</span> <span class='ocrx_word' id='word_1_70' title='bbox 515 1665 724 1749; x_wconf 85' lang='lat' dir='ltr'>ordinamus,</span> <span class='ocrx_word' id='word_1_71' title='bbox 742 1671 783 1735; x_wconf 93' lang='lat' dir='ltr'>ut</span> <span class='ocrx_word' id='word_1_72' title='bbox 805 1663 922 1736; x_wconf 88' lang='lat' dir='ltr'>nullus</span> <span class='ocrx_word' id='word_1_73' title='bbox 944 1673 1149 1758; x_wconf 91' lang='lat' dir='ltr'>procurator</span> <span class='ocrx_word' id='word_1_74' title='bbox 1169 1665 1302 1737; x_wconf 90' lang='lat' dir='ltr'>ibidem</span> <span class='ocrx_word' id='word_1_75' title='bbox 1324 1687 1387 1736; x_wconf 85' lang='lat' dir='ltr'>ex·</span> 
     </span>
     <span class='ocr_line' id='line_1_13' title="bbox 250 1779 1387 1875; baseline -0.001 -22"><span class='ocrx_word' id='word_1_76' title='bbox 250 1804 371 1853; x_wconf 83' lang='lat' dir='ltr'>arcens</span> <span class='ocrx_word' id='word_1_77' title='bbox 387 1780 519 1873; x_wconf 89' lang='lat' dir='ltr'>absque</span> <span class='ocrx_word' id='word_1_78' title='bbox 536 1780 696 1852; x_wconf 84' lang='lat' dir='ltr'>advocati</span> <span class='ocrx_word' id='word_1_79' title='bbox 712 1779 858 1874; x_wconf 86' lang='lat' dir='ltr'>alicujus</span> <span class='ocrx_word' id='word_1_80' title='bbox 874 1779 1019 1853; x_wconf 91' lang='lat' dir='ltr'>consilio</span> <span class='ocrx_word' id='word_1_81' title='bbox 1036 1780 1230 1875; x_wconf 90' lang='lat' dir='ltr'>quamlibet</span> <span class='ocrx_word' id='word_1_82' title='bbox 1245 1801 1387 1852; x_wconf 88' lang='lat' dir='ltr'>cansam</span> 
     </span>
    </p>
   </div>
   <div class='ocr_carea' id='block_1_5' title="bbox 251 1895 1533 1992">
    <p class='ocr_par' dir='ltr' id='par_1_5' title="bbox 251 1895 1533 1992">
     <span class='ocr_line' id='line_1_14' title="bbox 251 1895 1533 1992; baseline -0.001 -23"><span class='ocrx_word' id='word_1_83' title='bbox 251 1897 428 1990; x_wconf 89' lang='lat' dir='ltr'>suscipiat,</span> <span class='ocrx_word' id='word_1_84' title='bbox 455 1919 497 1967; x_wconf 89' lang='lat' dir='ltr'>ac</span> <span class='ocrx_word' id='word_1_85' title='bbox 523 1918 587 1989; x_wconf 92' lang='lat' dir='ltr'>per</span> <span class='ocrx_word' id='word_1_86' title='bbox 613 1896 701 1968; x_wconf 92' lang='lat' dir='ltr'>dnos</span> <span class='ocrx_word' id='word_1_87' title='bbox 722 1897 796 1969; x_wconf 88' lang='lat' dir='ltr'>dies</span> <span class='ocrx_word' id='word_1_88' title='bbox 814 1895 984 1988; x_wconf 84' lang='lat' dir='ltr'>juridicos</span> <span class='ocrx_word' id='word_1_89' title='bbox 1008 1897 1169 1980; x_wconf 87' lang='lat' dir='ltr'>retineat,</span> <span class='ocrx_word' id='word_1_90' title='bbox 1183 1897 1258 1968; x_wconf 86' lang='lat' dir='ltr'>sub</span> <span class='ocrx_word' id='word_1_91' title='bbox 1283 1919 1387 1992; x_wconf 84' lang='lat' dir='ltr'>poena</span> <span class='ocrx_word' id='word_1_92' title='bbox 1528 1921 1533 1932; x_wconf 94' lang='lat'>·</span> 
     </span>
    </p>
   </div>
   <div class='ocr_carea' id='block_1_6' title="bbox 243 2011 1431 2340">
    <p class='ocr_par' dir='ltr' id='par_1_6' title="bbox 243 2011 1431 2340">
     <span class='ocr_line' id='line_1_15' title="bbox 243 2011 1386 2107; baseline -0.004 -20"><span class='ocrx_word' id='word_1_93' title='bbox 243 2013 484 2106; x_wconf 84' lang='lat' dir='ltr'>suspensionis</span> <span class='ocrx_word' id='word_1_94' title='bbox 504 2033 628 2083; x_wconf 79' lang='lat' dir='ltr'>annua</span> <span class='ocrx_word' id='word_1_95' title='bbox 652 2012 697 2083; x_wconf 89' lang='lat' dir='ltr'>ab</span> <span class='ocrx_word' id='word_1_96' title='bbox 722 2011 827 2083; x_wconf 89' lang='lat' dir='ltr'>officii</span> <span class='ocrx_word' id='word_1_97' title='bbox 852 2011 905 2083; x_wconf 92' lang='lat' dir='ltr'>sui</span> <span class='ocrx_word' id='word_1_98' title='bbox 932 2013 1163 2098; x_wconf 86' lang='lat' dir='ltr'>executione;</span> <span class='ocrx_word' id='word_1_99' title='bbox 1188 2035 1255 2084; x_wconf 90' lang='lat' dir='ltr'>nec</span> <span class='ocrx_word' id='word_1_100' title='bbox 1273 2013 1386 2107; x_wconf 90' lang='lat' dir='ltr'>judici</span> 
     </span>
     <span class='ocr_line' id='line_1_16' title="bbox 250 2127 1431 2223; baseline 0 -22"><span class='ocrx_word' id='word_1_101' title='bbox 250 2138 408 2223; x_wconf 88' lang='lat' dir='ltr'>potestas</span> <span class='ocrx_word' id='word_1_102' title='bbox 432 2129 510 2213; x_wconf 90' lang='lat' dir='ltr'>erit,</span> <span class='ocrx_word' id='word_1_103' title='bbox 536 2127 668 2221; x_wconf 89' lang='lat' dir='ltr'>absque</span> <span class='ocrx_word' id='word_1_104' title='bbox 695 2149 859 2222; x_wconf 84' lang='lat' dir='ltr'>expresso</span> <span class='ocrx_word' id='word_1_105' title='bbox 885 2128 1134 2222; x_wconf 90' lang='lat' dir='ltr'>archiepiscopi</span> <span class='ocrx_word' id='word_1_106' title='bbox 1159 2130 1327 2201; x_wconf 91' lang='lat' dir='ltr'>mandato</span> <span class='ocrx_word' id='word_1_107' title='bbox 1349 2137 1387 2201; x_wconf 92' lang='lat' dir='ltr'>et</span> <span class='ocrx_word' id='word_1_108' title='bbox 1398 2149 1431 2209; x_wconf 81' lang='lat'>15</span> 
     </span>
     <span class='ocr_line' id='line_1_17' title="bbox 250 2243 1369 2340; baseline -0.003 -21"><span class='ocrx_word' id='word_1_109' title='bbox 250 2246 471 2329; x_wconf 87' lang='lat' dir='ltr'>auctoritate,</span> <span class='ocrx_word' id='word_1_110' title='bbox 487 2243 592 2338; x_wconf 87' lang='lat' dir='ltr'>hujus</span> <span class='ocrx_word' id='word_1_111' title='bbox 608 2265 719 2338; x_wconf 84' lang='lat' dir='ltr'>poenae</span> <span class='ocrx_word' id='word_1_112' title='bbox 733 2244 884 2340; x_wconf 82' lang='lat' dir='ltr'>gratiam</span> <span class='ocrx_word' id='word_1_113' title='bbox 900 2244 1077 2317; x_wconf 89' lang='lat' dir='ltr'>ullatenus</span> <span class='ocrx_word' id='word_1_114' title='bbox 1094 2245 1254 2319; x_wconf 82' lang='lat' dir='ltr'>faciendi.</span> <span class='ocrx_word' id='word_1_115' title='bbox 1364 2305 1369 2316; x_wconf 83' lang='grc'><em>,</em></span> 
     </span>
    </p>
   </div>
   <div class='ocr_carea' id='block_1_7' title="bbox 252 2457 1388 2673">
    <p class='ocr_par' dir='ltr' id='par_1_7' title="bbox 252 2457 1388 2673">
     <span class='ocr_line' id='line_1_18' title="bbox 252 2457 1388 2549; baseline 0.003 -18"><span class='ocrx_word' id='word_1_116' title='bbox 252 2458 434 2532; x_wconf 85' lang='lat' dir='ltr'>CXXXI.</span> <span class='ocrx_word' id='word_1_117' title='bbox 488 2457 748 2544; x_wconf 75' lang='lat' dir='ltr'>Procuratores,</span> <span class='ocrx_word' id='word_1_118' title='bbox 782 2457 972 2533; x_wconf 72' lang='lat' dir='ltr'>iecoraaito</span> <span class='ocrx_word' id='word_1_119' title='bbox 1004 2459 1176 2549; x_wconf 82' lang='lat' dir='ltr'>advocato,</span> <span class='ocrx_word' id='word_1_120' title='bbox 1208 2461 1247 2534; x_wconf 80' lang='lat' dir='ltr'>in</span> <span class='ocrx_word' id='word_1_121' title='bbox 1285 2485 1388 2534; x_wconf 80' lang='lat' dir='ltr'>caasa</span> 
     </span>
     <span class='ocr_line' id='line_1_19' title="bbox 627 2573 1014 2673; baseline 0.005 -25"><span class='ocrx_word' id='word_1_122' title='bbox 627 2574 824 2649; x_wconf 77' lang='lat' dir='ltr'>concludere</span> <span class='ocrx_word' id='word_1_123' title='bbox 834 2573 1014 2673; x_wconf 79' lang='lat' dir='ltr'>prohibiti.</span> 
     </span>
    </p>
   </div>
   <div class='ocr_carea' id='block_1_8' title="bbox 252 2724 1434 4096">
    <p class='ocr_par' dir='ltr' id='par_1_8' title="bbox 252 2724 1434 4096">
     <span class='ocr_line' id='line_1_20' title="bbox 304 2724 1389 2824; baseline 0.005 -28"><span class='ocrx_word' id='word_1_124' title='bbox 304 2724 390 2797; x_wconf 92' lang='lat' dir='ltr'>Non</span> <span class='ocrx_word' id='word_1_125' title='bbox 407 2725 574 2797; x_wconf 84' lang='lat' dir='ltr'>admittet</span> <span class='ocrx_word' id='word_1_126' title='bbox 590 2725 715 2819; x_wconf 89' lang='lat' dir='ltr'>aliquis</span> <span class='ocrx_word' id='word_1_127' title='bbox 728 2727 842 2819; x_wconf 88' lang='lat' dir='ltr'>judex</span> <span class='ocrx_word' id='word_1_128' title='bbox 858 2728 896 2798; x_wconf 94' lang='lat' dir='ltr'>in</span> <span class='ocrx_word' id='word_1_129' title='bbox 913 2729 1017 2800; x_wconf 89' lang='lat' dir='ltr'>curiis</span> <span class='ocrx_word' id='word_1_130' title='bbox 1036 2728 1286 2823; x_wconf 85' lang='lat' dir='ltr'>archiepiscopi</span> <span class='ocrx_word' id='word_1_131' title='bbox 1302 2753 1389 2824; x_wconf 74' lang='lat' dir='ltr'>pre-</span> 
     </span>
     <span class='ocr_line' id='line_1_21' title="bbox 253 2839 1432 2935; baseline 0.003 -21"><span class='ocrx_word' id='word_1_132' title='bbox 253 2839 356 2914; x_wconf 93' lang='lat' dir='ltr'>dictis</span> <span class='ocrx_word' id='word_1_133' title='bbox 379 2841 548 2926; x_wconf 89' lang='lat' dir='ltr'>libellum,</span> <span class='ocrx_word' id='word_1_134' title='bbox 566 2851 628 2914; x_wconf 90' lang='lat' dir='ltr'>ant</span> <span class='ocrx_word' id='word_1_135' title='bbox 650 2843 755 2915; x_wconf 88' lang='lat' dir='ltr'>aliam</span> <span class='ocrx_word' id='word_1_136' title='bbox 778 2842 972 2935; x_wconf 89' lang='lat' dir='ltr'>quamlibet</span> <span class='ocrx_word' id='word_1_137' title='bbox 991 2847 1185 2929; x_wconf 82' lang='lat' dir='ltr'>materiam,</span> <span class='ocrx_word' id='word_1_138' title='bbox 1208 2846 1284 2918; x_wconf 93' lang='lat' dir='ltr'>sine</span> <span class='ocrx_word' id='word_1_139' title='bbox 1306 2869 1432 2918; x_wconf 76' lang='lat' dir='ltr'>con-20</span> 
     </span>
     <span class='ocr_line' id='line_1_22' title="bbox 252 2957 1388 3054; baseline 0.003 -23"><span class='ocrx_word' id='word_1_140' title='bbox 252 2957 331 3031; x_wconf 91' lang='lat' dir='ltr'>silio</span> <span class='ocrx_word' id='word_1_141' title='bbox 363 2966 401 3029; x_wconf 91' lang='lat' dir='ltr'>et</span> <span class='ocrx_word' id='word_1_142' title='bbox 430 2957 683 3053; x_wconf 87' lang='lat' dir='ltr'>subscriptione</span> <span class='ocrx_word' id='word_1_143' title='bbox 711 2960 858 3054; x_wconf 85' lang='lat' dir='ltr'>alicujus</span> <span class='ocrx_word' id='word_1_144' title='bbox 884 2960 1045 3033; x_wconf 86' lang='lat' dir='ltr'>advocati</span> <span class='ocrx_word' id='word_1_145' title='bbox 1077 2962 1123 3032; x_wconf 91' lang='lat' dir='ltr'>ad</span> <span class='ocrx_word' id='word_1_146' title='bbox 1152 2963 1388 3034; x_wconf 84' lang='lat' dir='ltr'>exercendum</span> 
     </span>
     <span class='ocr_line' id='line_1_23' title="bbox 252 3077 1388 3172; baseline 0.003 -26"><span class='ocrx_word' id='word_1_147' title='bbox 252 3077 385 3148; x_wconf 89' lang='lat' dir='ltr'>ibidem</span> <span class='ocrx_word' id='word_1_148' title='bbox 419 3077 580 3162; x_wconf 89' lang='lat' dir='ltr'>admissi;</span> <span class='ocrx_word' id='word_1_149' title='bbox 619 3100 735 3172; x_wconf 88' lang='lat' dir='ltr'>neque</span> <span class='ocrx_word' id='word_1_150' title='bbox 768 3100 851 3150; x_wconf 81' lang='lat' dir='ltr'>vero</span> <span class='ocrx_word' id='word_1_151' title='bbox 882 3078 1164 3172; x_wconf 87' lang='lat' dir='ltr'>procuratoribus</span> <span class='ocrx_word' id='word_1_152' title='bbox 1196 3077 1318 3151; x_wconf 88' lang='lat' dir='ltr'>licebit</span> <span class='ocrx_word' id='word_1_153' title='bbox 1351 3081 1388 3150; x_wconf 92' lang='lat' dir='ltr'>in</span> 
     </span>
     <span class='ocr_line' id='line_1_24' title="bbox 253 3191 1389 3276; baseline 0.002 -12"><span class='ocrx_word' id='word_1_154' title='bbox 253 3215 358 3264; x_wconf 89' lang='lat' dir='ltr'>causa</span> <span class='ocrx_word' id='word_1_155' title='bbox 374 3191 592 3276; x_wconf 86' lang='lat' dir='ltr'>concludere,</span> <span class='ocrx_word' id='word_1_156' title='bbox 609 3193 676 3265; x_wconf 88' lang='lat' dir='ltr'>nisi</span> <span class='ocrx_word' id='word_1_157' title='bbox 693 3195 738 3265; x_wconf 90' lang='lat' dir='ltr'>de</span> <span class='ocrx_word' id='word_1_158' title='bbox 758 3195 886 3266; x_wconf 88' lang='lat' dir='ltr'>notitia</span> <span class='ocrx_word' id='word_1_159' title='bbox 904 3196 1064 3267; x_wconf 83' lang='lat' dir='ltr'>advocati</span> <span class='ocrx_word' id='word_1_160' title='bbox 1085 3195 1122 3265; x_wconf 92' lang='lat' dir='ltr'>in</span> <span class='ocrx_word' id='word_1_161' title='bbox 1143 3196 1269 3266; x_wconf 91' lang='lat' dir='ltr'>eadem</span> <span class='ocrx_word' id='word_1_162' title='bbox 1284 3217 1389 3267; x_wconf 86' lang='lat' dir='ltr'>cansa</span> 
     </span>
     <span class='ocr_line' id='line_1_25' title="bbox 254 3308 1387 3404; baseline 0.002 -24"><span class='ocrx_word' id='word_1_163' title='bbox 254 3309 404 3380; x_wconf 88' lang='lat' dir='ltr'>adhibiti</span> <span class='ocrx_word' id='word_1_164' title='bbox 421 3317 458 3380; x_wconf 91' lang='lat' dir='ltr'>et</span> <span class='ocrx_word' id='word_1_165' title='bbox 475 3308 638 3381; x_wconf 88' lang='lat' dir='ltr'>salariati.</span> <span class='ocrx_word' id='word_1_166' title='bbox 672 3308 712 3382; x_wconf 88' lang='lat' dir='ltr'>Si</span> <span class='ocrx_word' id='word_1_167' title='bbox 729 3310 902 3402; x_wconf 84' lang='lat' dir='ltr'>quievero</span> <span class='ocrx_word' id='word_1_168' title='bbox 918 3319 1122 3404; x_wconf 89' lang='lat' dir='ltr'>procurator</span> <span class='ocrx_word' id='word_1_169' title='bbox 1132 3311 1387 3395; x_wconf 78' lang='lat' dir='ltr'>contrafecerit,</span> 
     </span>
     <span class='ocr_line' id='line_1_26' title="bbox 254 3426 1431 3521; baseline -0.003 -24"><span class='ocrx_word' id='word_1_170' title='bbox 254 3433 318 3498; x_wconf 91' lang='lat' dir='ltr'>aut</span> <span class='ocrx_word' id='word_1_171' title='bbox 341 3426 418 3496; x_wconf 84' lang='lat' dir='ltr'>fieri</span> <span class='ocrx_word' id='word_1_172' title='bbox 441 3427 689 3519; x_wconf 86' lang='lat' dir='ltr'>procuraverit,</span> <span class='ocrx_word' id='word_1_173' title='bbox 719 3426 777 3498; x_wconf 85' lang='lat' dir='ltr'>vel</span> <span class='ocrx_word' id='word_1_174' title='bbox 802 3428 912 3498; x_wconf 91' lang='lat' dir='ltr'>etiam</span> <span class='ocrx_word' id='word_1_175' title='bbox 940 3428 1152 3499; x_wconf 82' lang='lat' dir='ltr'>advocatum</span> <span class='ocrx_word' id='word_1_176' title='bbox 1178 3450 1431 3521; x_wconf 75' lang='lat' dir='ltr'>quocunquer5</span> 
     </span>
     <span class='ocr_line' id='line_1_27' title="bbox 253 3541 1389 3636; baseline 0.002 -24"><span class='ocrx_word' id='word_1_177' title='bbox 253 3550 428 3636; x_wconf 79' lang='lat' dir='ltr'>praetextu</span> <span class='ocrx_word' id='word_1_178' title='bbox 458 3564 521 3614; x_wconf 91' lang='lat' dir='ltr'>sno</span> <span class='ocrx_word' id='word_1_179' title='bbox 551 3541 765 3612; x_wconf 87' lang='lat' dir='ltr'>fraudaverit</span> <span class='ocrx_word' id='word_1_180' title='bbox 794 3541 968 3634; x_wconf 89' lang='lat' dir='ltr'>stipendio</span> <span class='ocrx_word' id='word_1_181' title='bbox 1001 3551 1064 3614; x_wconf 88' lang='lat' dir='ltr'>aut</span> <span class='ocrx_word' id='word_1_182' title='bbox 1097 3541 1232 3626; x_wconf 85' lang='lat' dir='ltr'>salario,</span> <span class='ocrx_word' id='word_1_183' title='bbox 1262 3544 1319 3614; x_wconf 86' lang='lat' dir='ltr'>vel</span> <span class='ocrx_word' id='word_1_184' title='bbox 1351 3546 1389 3614; x_wconf 92' lang='lat' dir='ltr'>in</span> 
     </span>
     <span class='ocr_line' id='line_1_28' title="bbox 255 3656 1390 3754; baseline 0.001 -25"><span class='ocrx_word' id='word_1_185' title='bbox 255 3659 426 3730; x_wconf 80' lang='lat' dir='ltr'>advocato</span> <span class='ocrx_word' id='word_1_186' title='bbox 449 3656 672 3740; x_wconf 87' lang='lat' dir='ltr'>consulendo,</span> <span class='ocrx_word' id='word_1_187' title='bbox 689 3657 774 3750; x_wconf 92' lang='lat' dir='ltr'>quid</span> <span class='ocrx_word' id='word_1_188' title='bbox 797 3659 833 3728; x_wconf 91' lang='lat' dir='ltr'>in</span> <span class='ocrx_word' id='word_1_189' title='bbox 857 3681 961 3732; x_wconf 87' lang='lat' dir='ltr'>eausa</span> <span class='ocrx_word' id='word_1_190' title='bbox 982 3658 1057 3730; x_wconf 87' lang='lat' dir='ltr'>fieri</span> <span class='ocrx_word' id='word_1_191' title='bbox 1084 3661 1261 3754; x_wconf 86' lang='lat' dir='ltr'>expediat,</span> <span class='ocrx_word' id='word_1_192' title='bbox 1278 3659 1390 3754; x_wconf 83' lang='lat' dir='ltr'>negli-</span> 
     </span>
     <span class='ocr_line' id='line_1_29' title="bbox 253 3772 1389 3870; baseline 0.004 -26"><span class='ocrx_word' id='word_1_193' title='bbox 253 3775 393 3870; x_wconf 80' lang='lat' dir='ltr'>gentior</span> <span class='ocrx_word' id='word_1_194' title='bbox 408 3773 536 3858; x_wconf 79' lang='lat' dir='ltr'>fuerit3</span> <span class='ocrx_word' id='word_1_195' title='bbox 561 3772 677 3845; x_wconf 90' lang='lat' dir='ltr'>eidem</span> <span class='ocrx_word' id='word_1_196' title='bbox 693 3776 956 3868; x_wconf 85' lang='lat' dir='ltr'>suspensionem</span> <span class='ocrx_word' id='word_1_197' title='bbox 975 3783 1180 3847; x_wconf 90' lang='lat' dir='ltr'>semestrem</span> <span class='ocrx_word' id='word_1_198' title='bbox 1196 3799 1218 3848; x_wconf 88' lang='lat' dir='ltr'>a</span> <span class='ocrx_word' id='word_1_199' title='bbox 1233 3776 1389 3848; x_wconf 91' lang='lat' dir='ltr'>muneris</span> 
     </span>
     <span class='ocr_line' id='line_1_30' title="bbox 254 3891 1390 3987; baseline 0 -23"><span class='ocrx_word' id='word_1_200' title='bbox 254 3893 308 3964; x_wconf 90' lang='lat' dir='ltr'>sui</span> <span class='ocrx_word' id='word_1_201' title='bbox 333 3893 554 3978; x_wconf 84' lang='lat' dir='ltr'>executione,</span> <span class='ocrx_word' id='word_1_202' title='bbox 572 3892 647 3963; x_wconf 90' lang='lat' dir='ltr'>sine</span> <span class='ocrx_word' id='word_1_203' title='bbox 671 3913 733 3985; x_wconf 91' lang='lat' dir='ltr'>sps</span> <span class='ocrx_word' id='word_1_204' title='bbox 755 3892 865 3964; x_wconf 78' lang='lat' dir='ltr'>venie</span> <span class='ocrx_word' id='word_1_205' title='bbox 887 3891 1028 3964; x_wconf 87' lang='lat' dir='ltr'>interim</span> <span class='ocrx_word' id='word_1_206' title='bbox 1051 3894 1303 3987; x_wconf 77' lang='lat' dir='ltr'>consequenda</span> <span class='ocrx_word' id='word_1_207' title='bbox 1329 3892 1390 3964; x_wconf 89' lang='lat' dir='ltr'>de-</span> 
     </span>
     <span class='ocr_line' id='line_1_31' title="bbox 255 4009 1434 4096; baseline 0.011 -13"><span class='ocrx_word' id='word_1_208' title='bbox 255 4009 441 4083; x_wconf 87' lang='lat' dir='ltr'>cernimus.</span> <span class='ocrx_word' id='word_1_209' title='bbox 471 4027 473 4030; x_wconf 76' lang='grc'><strong>’</strong></span> <span class='ocrx_word' id='word_1_210' title='bbox 1397 4039 1434 4096; x_wconf 80' lang='lat'>3⁰</span> 
     </span>
    </p>
   </div>
   <div class='ocr_carea' id='block_1_9' title="bbox 296 4203 1355 4422">
    <p class='ocr_par' dir='ltr' id='par_1_9' title="bbox 296 4203 1355 4422">
     <span class='ocr_line' id='line_1_32' title="bbox 296 4203 1355 4284; baseline 0 -4"><span class='ocrx_word' id='word_1_211' title='bbox 296 4206 498 4280; x_wconf 83' lang='lat' dir='ltr'>cxxxss.</span> <span class='ocrx_word' id='word_1_212' title='bbox 545 4203 836 4280; x_wconf 67' lang='lat' dir='ltr'>Procacioriam</span> <span class='ocrx_word' id='word_1_213' title='bbox 870 4209 909 4280; x_wconf 86' lang='lat' dir='ltr'>ia</span> <span class='ocrx_word' id='word_1_214' title='bbox 946 4209 1059 4282; x_wconf 63' lang='lat' dir='ltr'>caasa</span> <span class='ocrx_word' id='word_1_215' title='bbox 1092 4210 1355 4284; x_wconf 80' lang='lat' dir='ltr'>testamentariis</span> 
     </span>
     <span class='ocr_line' id='line_1_33' title="bbox 581 4323 1056 4422; baseline 0.011 -28"><span class='ocrx_word' id='word_1_216' title='bbox 581 4323 819 4418; x_wconf 65' lang='lat' dir='ltr'>paramentum</span> <span class='ocrx_word' id='word_1_217' title='bbox 835 4323 1056 4422; x_wconf 77' lang='lat' dir='ltr'>prohibitam.</span> 
     </span>
    </p>
   </div>
   <div class='ocr_carea' id='block_1_10' title="bbox 304 4470 1391 4573">
    <p class='ocr_par' dir='ltr' id='par_1_10' title="bbox 304 4470 1391 4573">
     <span class='ocr_line' id='line_1_34' title="bbox 304 4470 1391 4573; baseline 0.002 -29"><span class='ocrx_word' id='word_1_218' title='bbox 304 4470 397 4544; x_wconf 80' lang='lat' dir='ltr'>Cum</span> <span class='ocrx_word' id='word_1_219' title='bbox 424 4473 463 4546; x_wconf 93' lang='lat' dir='ltr'>in</span> <span class='ocrx_word' id='word_1_220' title='bbox 495 4481 789 4549; x_wconf 84' lang='lat' dir='ltr'>testamentorum</span> <span class='ocrx_word' id='word_1_221' title='bbox 816 4477 1091 4573; x_wconf 84' lang='lat' dir='ltr'>probationibus,</span> <span class='ocrx_word' id='word_1_222' title='bbox 1119 4475 1391 4551; x_wconf 87' lang='lat' dir='ltr'>administratio-</span> 
     </span>
    </p>
   </div>
   <div class='ocr_carea' id='block_1_11' title="bbox 0 0 1590 4968">
    <p class='ocr_par' dir='ltr' id='par_1_11' title="bbox 0 0 1590 4968">
     <span class='ocr_line' id='line_1_35' title="bbox 0 0 1590 4968; baseline 0 0"><span class='ocrx_word' id='word_1_223' title='bbox 0 0 1590 4968; x_wconf 95' lang='lat' dir='ltr'> </span> 
     </span>
    </p>
   </div>
  </div>
 </body>
</html>
