3140 4972
205 199 310 285 1604]
432 200 648 266 Oomtitrdioas
664 204 731 266 aad
748 205 869 267 Conona
884 202 1124 269 Ecclesiastical.
1279 202 1344 264 Μ

200 396 385 466 personam
408 377 690 468 jurisdictionem
718 378 990 450 ecclesiasticam
1020 386 1258 460 exercentem,
1285 374 1343 446 rel

201 491 385 586 privilegia
402 493 475 563 ulla
495 493 650 565 ecclesia
668 517 737 565 suae
755 497 897 565 nomine
914 497 980 567 sibi
997 496 1253 576 vendicantem,
1275 494 1343 564 nisi

201 617 343 678 tantum
368 632 432 700 per
456 632 525 692 eos,
552 613 612 702 qui
638 611 871 704 episcopalem
894 614 1143 684 auctoritatem
1166 611 1341 694 obtinent,

201 718 260 789 vel
283 744 347 812 per
371 724 647 795 commissarium
672 727 718 796 ad
742 726 939 811 facultates,
957 726 1014 797 vel
1039 728 1122 797 sede
1146 726 1261 818 plena,
1278 749 1342 819 per

201 839 461 934 archiepiscopi,
479 851 516 912 et
539 845 782 937 episcoporum
799 845 945 915 vicarios
965 843 1156 938 generales,
1174 851 1236 912 aut
1257 843 1367 925 sede5

202 964 359 1039 vacante,
377 981 440 1050 per
456 960 619 1030 custodes
640 961 905 1053 spiritualitatis,
926 961 982 1030 vel
1001 959 1191 1030 ordinarios
1208 960 1342 1051 episco-

200 1072 317 1164 palem
328 1075 611 1166 jurisdictionem
629 1078 674 1147 de
688 1078 769 1170 jure
785 1086 1000 1160 exercentes,
1019 1087 1056 1148 et
1076 1099 1147 1146 non
1170 1079 1238 1168 per'
1253 1074 1340 1144 alios

200 1190 433 1274 concedetur3
459 1193 565 1283 idque
582 1194 756 1264 duntaxat
778 1193 932 1276 illustris,
950 1217 991 1264 ac
1013 1191 1114 1264 clarae
1131 1191 1340 1263 conditionis

200 1305 411 1388 hominibus,
446 1331 517 1378 suae
550 1311 745 1402 respective
772 1310 1008 1402 jurisdictioni
1038 1309 1199 1391 subditis,
1232 1309 1341 1378 inter·

200 1423 316 1513 posita
332 1425 440 1493 etiam
457 1425 583 1496 idonea
599 1436 637 1496 et
654 1427 840 1498 sufficienti
857 1429 1031 1498 cautione.
1350 1456 1383 1496 ιο

200 1687 282 1758 CII.
308 1687 355 1760 In
369 1689 597 1786 facultatibus
613 1717 683 1789 pro
704 1692 894 1765 bunuorum
918 1694 1100 1766 omissione
1117 1691 1339 1765 concedendis

304 1809 417 1880 coctio
434 1809 691 1904 interponenda,
708 1820 740 1882 et
756 1809 816 1882 aab
833 1808 954 1904 quibus
971 1806 1235 1882 tardationibus.

251 1955 358 2030 Dicta
384 1961 500 2031 cautio
523 1961 741 2031 conditiones
763 1961 868 2032 hasce
891 1959 1156 2054 complectetur.
1208 1958 1338 2042 Primo,

161 2121 164 2126 -
199 2075 294 2166 quod
310 2083 470 2168 tempore
487 2076 643 2169 ejusdem
665 2077 931 2168 dispensationis
952 2076 1184 2147 concedendae
1200 2075 1339 2146 nullum

199 2191 320 2262 existit
346 2192 639 2285 impedimentum
666 2194 801 2264 ratione
826 2201 1109 2286 pracontractus,
1133 2193 1382 2286 consangui-r5

197 2309 329 2391 nitatis,
353 2307 540 2392 affinitatis,
560 2308 616 2378 vel
639 2308 783 2379 alterius
803 2332 915 2379 causae
936 2309 1174 2401 cujuscunque
1191 2308 1235 2377 de
1256 2308 1338 2399 jure

198 2425 390 2517 prohibitae,
417 2425 511 2518 quod
533 2426 628 2496 dicto
651 2414 1089 2508 matamonio'ocourrere,
1113 2434 1176 2495 aut
1198 2424 1338 2495 obstare

197 2543 316 2634 possit.
361 2540 536 2624 Secundo,
555 2542 648 2633 quod
665 2540 763 2613 nulla
779 2541 1024 2625 controversia,
1041 2539 1096 2624 lis,
1113 2562 1176 2610 seu
1196 2539 1338 2632 querela

197 2667 295 2729 mota
320 2660 366 2730 sit
391 2658 460 2728 vel'
473 2660 626 2751 pendeat
650 2661 687 2729 in
713 2657 830 2751 aliqua
855 2657 952 2728 curia
978 2679 1095 2727 coram
1120 2655 1194 2726 ullo
1215 2655 1337 2748 judice

197 2774 434 2846 ecclesiastico
451 2797 556 2869 super
571 2776 690 2868 aliquo
707 2783 892 2846 contractu
909 2771 966 2843 vel
983 2772 1208 2843 matrimonio
1231 2772 1337 2842 alter·
1346 2805 1380 2844 20

197 2891 311 2962 utrius
325 2891 498 2962 dictamm
515 2893 669 2985 partium
682 2914 764 2962 cum
781 2889 850 2961 alia
863 2891 984 2982 quavis
1000 2912 1158 2981 persona.
1205 2887 1336 2974 Tertio,

198 3009 291 3100 quod
308 3016 503 3102 parentum,
521 3009 627 3078 modo
645 3010 715 3078 sint
735 3009 773 3078 iu
789 3009 888 3091 vivis,
906 3006 963 3076 vel
984 3005 1069 3077 alias
1085 3014 1245 3077 tutorum
1263 3007 1336 3077 sive

195 3124 471 3218 gubernatorum
489 3147 632 3196 suorum
648 3147 851 3218 expressum
870 3145 1078 3194 consensum
1093 3122 1160 3193 bac
1182 3123 1219 3192 in
1236 3131 1337 3216 parte

197 3241 438 3312 obtinuerunt.
490 3240 684 3324 Postremo,
714 3241 807 3333 quod
838 3240 974 3310 dictum
1005 3239 1270 3309 matrimonium
1299 3239 1337 3308 iu

196 3358 345 3429 ecclesia
367 3358 565 3452 parochiali,
589 3359 647 3430 vel
673 3356 817 3451 capella,
845 3357 906 3427 ubi
934 3355 1218 3427 contrahentium
1246 3354 1379 3446 alter25

196 3483 442 3558 commoratur,
460 3484 498 3545 et
515 3498 585 3544 non
602 3473 696 3558 alias,
714 3474 820 3567 idque
843 3473 984 3568 publice
1006 3475 1044 3543 in
1066 3473 1156 3542 facie
1178 3471 1335 3544 ecclesiae

195 3591 288 3662 inter
322 3590 424 3663 boras
458 3600 618 3663 octavam
652 3600 690 3662 et
724 3591 967 3662 duodecimam
1001 3588 1175 3661 curabunt
1209 3587 1335 3660 solem-

196 3729 314 3778 mnan.

195 3956 298 4029 CIII.
341 3956 483 4032 Eadem
513 3960 721 4034 conditiones
750 3959 790 4032 ob
819 3959 980 4053 mojorem
1011 3955 1175 4030 cautelam
1198 3956 1334 4050 jureja-

285 4095 288 4100 '
621 4076 732 4149 raudo
748 4073 906 4174 suffulta.
1341 4087 1377 4142 30

246 4225 300 4297 Ut
320 4229 434 4304 omnis
457 4211 621 4322 deinceps
644 4229 738 4301 fraus
763 4239 800 4302 et
827 4228 928 4302 dolus
953 4229 991 4299 in
1016 4225 1216 4298 obtinendis
1242 4227 1334 4319 ejus-

194 4341 291 4411 modi
318 4340 545 4413 facultatibus
574 4343 747 4427 evitetur3
786 4343 974 4414 statuimus
1002 4342 1144 4433 insuper
1173 4346 1211 4408 ct
1241 4336 1334 4407 ordi-

194 4477 327 4540 namus,
354 4456 448 4548 quod
473 4465 557 4526 ante
582 4456 766 4528 obtentam
790 4454 998 4528 facultatem
1022 4477 1086 4546 pro
1108 4449 1332 4521 matrimonio
