3140 4972
243 221 308 305 193
468 215 686 284 Commotus
700 213 767 280 aad
783 215 905 279 Oenone
919 211 1161 278 memorarat
1325 207 1382 294 [V.

239 392 303 474 „vel
319 401 537 466 sacramenta
557 393 789 474 administrat,
806 390 937 462 aliosve
954 389 1110 460 eeclesia
1132 385 1388 480 ritus-peragit,

246 511 395 581 decente
411 519 449 581 et
466 534 621 604 congruo
634 507 878 602 superpellicio
891 529 1004 599 eoque
1019 506 1196 580 manicato
1207 502 1386 586 induetur,

246 627 341 718 quod
358 627 604 698 communibus
621 624 909 720 parochianorum
928 622 1094 716 impensis
1114 619 1385 712 comparabitur.

248 742 287 814 Si
317 767 386 835 qua
413 751 533 814 autem
560 741 797 814 controversia
826 761 931 832 super
959 738 1116 830 ejusdem
1141 735 1300 818 materia,
1328 731 1387 804 vel

247 867 472 953 competente
499 859 661 930 decentia
686 858 828 940 oriatur,
853 855 1018 925 ordinarii
1047 851 1212 924 discretio
1237 850 1413 925 eandem5

247 974 462 1046 terminabit.
514 974 699 1066 Quotquot
717 996 799 1044 vero
816 995 863 1043 ax
879 971 1047 1042 ministris
1063 969 1213 1064 gradum
1232 967 1388 1058 aliquem

247 1092 285 1162 in
310 1092 489 1162 academia
513 1090 740 1183 susceperint,
757 1089 783 1158 ii
805 1087 899 1158 inter
923 1109 1020 1158 saera
1044 1084 1243 1179 peragenda
1267 1105 1388 1176 super-

248 1206 397 1300 pelliciis
427 1207 498 1278 suis
527 1207 693 1299 adjicient
726 1213 764 1276 et
797 1205 948 1298 caputia,
977 1201 1195 1297 singulorum
1223 1198 1390 1294 gradibus

248 1325 501 1406 convenientia,
520 1345 669 1416 quorum
692 1329 812 1391 tamen
828 1342 932 1390 usum
953 1319 1123 1389 ministris
1138 1317 1285 1387 minime
1308 1337 1389 1408 gra-

249 1440 365 1511 duatis
382 1439 447 1510 sub
464 1462 568 1532 poena
587 1436 821 1531 suspensionis
843 1434 1095 1506 interdicimus.
1147 1431 1186 1504 N
1187 1432 1390 1504 ihilominus
1399 1457 1436 1496 10

249 1565 287 1628 et
308 1557 392 1628 huic
414 1556 653 1626 ministrorum
676 1553 777 1624 classi
799 1552 878 1623 loco
895 1552 1117 1644 caputiorum
1139 1548 1291 1643 liripipia
1311 1571 1389 1640 per-

249 1675 424 1745 mittimus
453 1695 499 1743 ex
526 1673 625 1766 nigro
652 1671 772 1762 (modo
804 1691 850 1738 ne
880 1651 1017 1760 scrico)'
1036 1667 1108 1736 suis
1137 1663 1390 1759 superpelliciis

249 1789 447 1883 injicienda.
567 1827 569 1831 ·
1045 1779 1047 1802 ³

342 1987 445 2059 LIX.
486 1985 732 2063 Cotecdizoodi
749 1985 928 2084 diligentia
946 1983 1117 2056 ministris
1134 1983 1298 2078 injuncta.

301 2139 460 2224 Quilibet
494 2147 619 2222 rector,
649 2139 807 2223 moedus,
844 2147 881 2209 et
914 2145 1055 2209 curatus
1088 2133 1234 2230 singulis
1267 2133 1435 2212 diebus-15

251 2255 435 2327 dominicis
465 2263 502 2326 et
531 2255 665 2326 festivis
694 2264 778 2326 ante
806 2277 929 2348 preces
959 2252 1183 2346 vespertinas,
1213 2250 1259 2321 ad
1288 2248 1392 2320 semi-

251 2372 348 2443 borae
378 2373 530 2464 spatium
560 2370 618 2442 rel
647 2370 807 2464 amplius,
831 2371 1069 2462 juventutem,
1097 2377 1135 2438 ct
1164 2367 1305 2461 plebem
1334 2389 1394 2436 ru-

253 2488 386 2559 diorem
405 2510 476 2558 suae
492 2487 667 2581 parochiae
685 2487 913 2571 examinabit,
930 2497 968 2557 et
984 2486 1147 2557 instituet
1163 2486 1201 2555 in
1213 2483 1392 2577 decalogo,

252 2599 410 2694 symbolo
439 2599 644 2693 apostolico,
673 2613 710 2671 et
737 2602 896 2672 oratione
925 2601 1119 2684 dominica3
1154 2621 1286 2691 eosque
1315 2596 1394 2667 dili-

252 2727 378 2811 genter
411 2717 542 2800 audiet,
571 2718 733 2802 instruet,
767 2727 805 2788 et
839 2719 976 2789 emdiet
1009 2717 1046 2787 in
1074 2715 1299 2798 catechismo,
1332 2715 1439 2806 quino

253 2840 355 2904 extat
379 2833 416 2903 in
440 2833 530 2904 libro
553 2855 699 2927 precum
721 2833 958 2928 publicarum:
987 2857 1179 2927 omnesque
1205 2841 1331 2926 patres,
1355 2839 1394 2900 et

252 2949 534 3020 matresfamilias
550 2950 729 3042 jubebunt
746 2950 884 3034 liberos,
901 2975 943 3022 ac
963 2950 1115 3022 famulos
1135 2971 1227 3032 suos,
1244 2949 1305 3040 qui
1323 2947 1395 3020 dic-

255 3074 334 3135 tum
369 3065 622 3136 catechismum
651 3067 808 3137 nondum
839 3075 973 3150 tenent,
1007 3075 1167 3160 tempore
1200 3064 1395 3140 constituto

255 3180 439 3254 ecclesiam
457 3182 563 3265 adire,
575 3191 617 3253 ut
634 3184 794 3254 ministro
808 3182 996 3277 diligenter
1007 3191 1045 3252 et
1060 3182 1244 3252 humiliter
1258 3178 1397 3251 auscul-

255 3306 335 3369 tent
351 3307 389 3369 et
402 3299 659 3392 obtemperent,
672 3299 784 3371 donec
796 3300 949 3371 eundem
966 3298 1225 3392 perdidicerint.
1260 3296 1394 3382 Quodsi
1404 3325 1439 3383 25

256 3417 334 3508 quis
355 3416 515 3486 minister
536 3417 574 3485 in
595 3416 664 3486 hoc
687 3416 801 3486 officio
826 3414 1009 3509 negligens
1031 3415 1139 3486 fiterit
1158 3423 1196 3486 et
1220 3413 1403 3508 remissus,

256 3557 295 3604 re
319 3533 363 3602 ad
381 3533 584 3624 episcopum
602 3530 658 3601 vel
681 3531 750 3624 loci
773 3531 987 3602 ordinarium
1008 3530 1134 3615 delata,
1153 3542 1190 3601 et
1207 3530 1327 3601 debite
1345 3531 1398 3600 in-

257 3649 393 3731 timata,
410 3649 564 3741 primum
584 3649 712 3719 acriter
728 3649 957 3740 corripiatur3
982 3648 1012 3718 si
1033 3648 1092 3718 hie
1113 3669 1151 3718 se
1174 3647 1397 3728 submittens,

258 3766 423 3858 deinceps
452 3773 572 3835 umen
602 3765 639 3835 in
668 3765 793 3836 eadem
817 3788 856 3835 re
881 3763 1002 3835 volens
1029 3763 1226 3857 deliquerit,
1254 3783 1398 3854 suspen-

259 3883 365 3954 sionis
390 3883 602 3953 sententiam
628 3883 803 3967 incurrat3
834 3883 863 3952 si
889 3883 994 3953 tertio
1022 3881 1216 3966 offenderit,
1243 3880 1444 3974 qnando-30

259 3997 402 4091 quidem
420 3997 549 4089 exigua
572 4017 651 4088 spes
671 4003 782 4067 restat
806 3993 900 4066 illius
915 3995 982 4066 bac
999 3995 1036 4064 in
1058 4003 1159 4087 parte
1175 3993 1398 4076 reformandi,

259 4112 632 4186 excommunicationis
646 4135 801 4194 censura,
816 4111 928 4182 donec
945 4135 982 4182 se
995 4112 1196 4195 correxerit,
1211 4110 1406 4182 obstrictus·

258 4252 370 4321 usque
387 4237 561 4298 teneatur.
613 4227 729 4298 Simili
746 4229 852 4299 modo
875 4229 981 4321 siqui
1004 4236 1178 4322 parentes,
1196 4237 1312 4320 patres
1337 4235 1400 4296 ant

259 4345 612 4427 matresfamiliarum,
634 4343 691 4414 vel
713 4367 837 4414 eorum
859 4343 971 4428 liberi,
992 4345 1209 4438 apprenticii,
1231 4343 1400 4415 famuliae

256 4458 375 4530 ,officio
392 4481 456 4530 suo
479 4457 545 4529 hac
567 4459 604 4528 in
629 4481 667 4529 re
684 4458 881 4545 defuerint3
911 4461 964 4532 illi
986 4461 1130 4555 quidem
1152 4483 1223 4530 non
1246 4457 1443 4552 compsi-35

260 4573 366 4684 londo
393 4595 484 4668 suos,
511 4582 552 4666 ut
577 4575 742 4661 veniant3
766 4575 805 4646 bi
831 4599 926 4660 uero,
953 4601 1000 4650 ne
1025 4578 1171 4660 discant,
1197 4575 1400 4659 recusando,
