3140 4972
173 203 284 289 1604]
398 209 618 276 &mecm
632 213 701 278 asad
716 214 838 278 θωιοω
853 209 1095 278 marsal.
1245 209 1311 274 225

170 375 300 450 habita
316 379 457 468 fuerint,
469 395 508 457 et
523 397 709 481 propterea
721 387 889 481 majorem
902 387 1077 460 cautelam
1094 385 1309 468 desiderent;

171 493 341 586 siquando
363 497 400 567 in
420 500 564 593 judiciis
587 503 730 576 veniant
752 503 996 597 disceptandas,
1018 501 1211 598 praesertim
1227 522 1310 571 cum

170 612 435 688 matrimonium
468 618 505 690 in
538 620 687 692 ecclesia
720 620 840 693 debite
873 619 1151 703 solemnizatum,
1187 616 1311 709 quovis

171 728 315 799 nomine
327 735 488 824 separari,
502 735 559 806 vel
571 736 709 808 nullum
722 736 944 829 pronunciari
956 734 1170 830 postulatnr;
1188 733 1310 804 stricte

170 846 379 918 mandamus
396 857 434 920 et
457 853 686 945 precipimus,
703 859 745 922 ut
771 851 808 921 in
832 851 996 924 omnibus
1018 850 1249 921 divortiorum
1273 856 1336 925 ste

172 960 346 1034 nullitatis
367 967 581 1039 matrimonii
603 967 822 1063 processibus
846 969 1099 1061 circumspecte
1120 974 1158 1037 et
1181 964 1313 1036 delibe-

173 1085 250 1148 rate
277 1081 498 1172 procedatur,
527 1107 569 1156 ac
605 1093 778 1177 quantum
810 1085 886 1156 fieri
920 1084 1063 1178 poterit,
1096 1083 1147 1154 rei
1184 1083 1313 1153 veritas

173 1195 321 1266 testium
354 1197 629 1290 depositionibus
661 1199 807 1294 aliisque
844 1200 1107 1294 probationibus
1145 1197 1314 1293 legitimis

175 1318 329 1395 eruatur,
345 1334 412 1384 nec
429 1312 493 1384 soli
510 1316 776 1408 extrajudiciali,
794 1325 856 1388 ant
865 1314 1026 1410 judiciali
1043 1324 1081 1387 et
1090 1316 1218 1408 jurata
1233 1335 1312 1408 par·

175 1425 267 1496 tium
284 1427 493 1500 confessioni
510 1430 597 1502 fides
613 1430 795 1503 habeatur.
1325 1454 1357 1493 10

216 1691 319 1765 CVI.
361 1692 549 1767 Sententia
565 1696 708 1769 diuortii
728 1707 760 1770 ct
781 1697 1009 1794 sperationis
1032 1721 1102 1770 acc
1118 1695 1191 1768 aiei
1208 1719 1277 1791 pro

579 1811 745 1886 tribunali
749 1813 923 1910 ferenda.

231 1957 350 2030 Nullae
376 1961 594 2054 inposterum
619 1963 803 2034 sententiae
828 1959 885 2032 vel
911 1961 1137 2054 separationis
1162 1984 1184 2031 a
1212 1961 1315 2032 thoro

179 2083 219 2146 et
235 2098 366 2160 mensa,
384 2076 441 2147 vel
457 2078 629 2150 nullitatis
646 2077 859 2148 matrimonii
882 2077 1048 2171 praetensi
1066 2075 1231 2160 ferantur,
1249 2076 1316 2145 nisi

179 2191 331 2284 publice,
347 2216 389 2263 ac
415 2215 478 2287 pro
502 2193 680 2278 tribunali,
697 2202 734 2263 ot
759 2194 805 2264 de
829 2194 976 2264 scientia
1000 2215 1041 2263 ac
1067 2213 1238 2262 consensu
1259 2191 1317 2262 vel
1328 2222 1360 2281 15

180 2307 430 2402 archiepiscopi
459 2311 550 2382 infra
578 2311 792 2404 provinciam
822 2329 932 2392 suam,
958 2307 1015 2380 vel
1044 2309 1197 2402 episcopi
1228 2309 1319 2379 infra

179 2425 354 2516 propriam
379 2426 554 2510 dioecesin,
578 2427 702 2498 decani
727 2428 772 2497 de
797 2426 956 2508 acubus,
975 2422 1106 2517 judicis
1131 2425 1318 2495 audientiae

182 2538 452 2625 Cantuariensia
469 2557 532 2613 aut
554 2543 761 2614 vicariorum
781 2540 1008 2636 generalium,
1027 2540 1220 2612 aliorumve
1245 2539 1320 2611 offi-

182 2654 324 2726 cialium
349 2657 604 2751 principalium,
628 2657 685 2728 vel
710 2658 793 2729 sede
821 2666 978 2739 vacante,
1008 2647 1195 2727 custodum
1221 2655 1321 2750 spiri-

183 2771 365 2857 tualitatis,
383 2781 446 2845 aut
462 2773 610 2845 aliorum
634 2773 897 2854 ordinariorum,
916 2773 1105 2866 quibusda
1124 2774 1205 2866 jure
1225 2796 1363 2844 com-20

182 2891 285 2983 petit,
302 2892 340 2960 in
364 2893 436 2963 suis
460 2894 654 2986 respective
672 2888 988 2984 jurisdictionibus,
1011 2911 1052 2960 ac
1075 2889 1189 2973 curiis,
1213 2899 1320 2982 atque

183 3007 277 3078 iuter
292 3029 366 3078 suae
377 3005 631 3100 jurisdictionis
646 3008 805 3078 subditos
820 3015 974 3077 tantum.

185 3270 305 3344 CVII.
347 3271 537 3370 Separatia,
572 3297 688 3346 coram
722 3271 829 3347 altero
861 3273 1049 3369 superstite,
1082 3297 1169 3346 acca
1202 3269 1322 3368 copclr

656 3389 848 3463 interdicto.

236 3535 280 3606 In
302 3539 497 3625 sententiis,
514 3539 653 3632 quando
676 3542 720 3612 ad
744 3543 1000 3634 separationem
1023 3540 1117 3612 thori
1134 3551 1171 3612 et
1194 3563 1365 3630 mensae25

185 3661 327 3724 tantam
344 3655 625 3748 interponuntur,
642 3657 802 3740 monitio,
820 3665 858 3728 et
880 3657 1070 3751 prohibitio
1086 3659 1123 3728 in
1149 3661 1225 3751 ipso
1242 3681 1325 3728 con-

185 3776 290 3842 textu
310 3773 494 3842 sententie
516 3771 597 3843 latae
618 3773 691 3856 fiet,
708 3783 749 3844 ut
771 3797 793 3844 a
818 3775 976 3868 partibus
998 3774 1195 3845 abinvicem
1216 3775 1324 3846 diseo-

185 3887 287 3959 ciatis
304 3895 400 3958 caste
417 3889 644 3973 oratornec
660 3891 704 3960 ad
722 3891 808 3961 alias
824 3892 974 3984 nuptias,
987 3889 1157 3961 alterutra
1171 3892 1322 3973 vivente,

186 4002 404 4074 convoletnr.
456 4003 618 4096 Denique
635 4027 705 4096 quo
722 4015 939 4099 postremum
955 4006 1043 4077 illud
1060 4007 1193 4078 firmius
1207 4007 1325 4078 obser-

185 4123 301 4204 vetur,
335 4113 511 4190 sementia
542 4121 771 4213 separationis
802 4143 874 4192 non
908 4131 990 4193 ante
1027 4123 1368 4219 pronunciabitur,30

188 4255 294 4326 quam
324 4237 385 4328 qui
414 4257 493 4306 eam
522 4236 761 4328 postulabunt,
792 4237 955 4310 idoneam
989 4239 1187 4310 cautionem
1218 4241 1326 4309 inter-

187 4354 377 4446 posuerint,
396 4375 433 4423 se
450 4361 573 4424 contra
593 4353 724 4424 dictam
745 4355 975 4426 monitionem
992 4363 1030 4426 et
1052 4353 1325 4448 prohibitionem

188 4467 277 4540 nihil
294 4470 549 4541 commissuros

748 4605 771 4652 a
