<?xml version="1.0" encoding="UTF-8"?>
<!DOCTYPE html PUBLIC "-//W3C//DTD XHTML 1.0 Transitional//EN"
    "http://www.w3.org/TR/xhtml1/DTD/xhtml1-transitional.dtd">
<html xmlns="http://www.w3.org/1999/xhtml" xml:lang="en" lang="en">
 <head>
  <title>
</title>
<meta http-equiv="Content-Type" content="text/html;charset=utf-8" />
  <meta name='ocr-system' content='tesseract 3.04.00' />
  <meta name='ocr-capabilities' content='ocr_page ocr_carea ocr_par ocr_line ocrx_word'/>
</head>
<body>
  <div class='ocr_page' id='page_1' title='image "./synodaliaacolle00cardgoog_0055.png"; bbox 0 0 3128 4962; ppageno 0'>
   <div class='ocr_carea' id='block_1_1' title="bbox 238 255 1376 342">
    <p class='ocr_par' dir='ltr' id='par_1_1' title="bbox 238 255 1376 342">
     <span class='ocr_line' id='line_1_1' title="bbox 238 255 1376 342; baseline -0.006 -16"><span class='ocrx_word' id='word_1_1' title='bbox 238 264 281 326; x_wconf 78' lang='grc' dir='ltr'>ιο</span> <span class='ocrx_word' id='word_1_2' title='bbox 639 255 976 342; x_wconf 55' lang='lat' dir='ltr'>casamariam.</span> <span class='ocrx_word' id='word_1_3' title='bbox 1277 299 1282 308; x_wconf 86' lang='lat'>.</span> <span class='ocrx_word' id='word_1_4' title='bbox 1334 255 1376 339; x_wconf 78' lang='grc' dir='ltr'>[Ι.</span> 
     </span>
    </p>
   </div>
   <div class='ocr_carea' id='block_1_2' title="bbox 237 430 1377 860">
    <p class='ocr_par' dir='ltr' id='par_1_2' title="bbox 237 430 1377 860">
     <span class='ocr_line' id='line_1_2' title="bbox 237 430 1377 525; baseline -0.005 -17"><span class='ocrx_word' id='word_1_5' title='bbox 237 437 420 508; x_wconf 80' lang='lat' dir='ltr'>missiones</span> <span class='ocrx_word' id='word_1_6' title='bbox 437 439 571 524; x_wconf 84' lang='lat' dir='ltr'>[tamen]</span> <span class='ocrx_word' id='word_1_7' title='bbox 590 434 725 506; x_wconf 81' lang='lat' dir='ltr'>divinae</span> <span class='ocrx_word' id='word_1_8' title='bbox 742 433 791 505; x_wconf 89' lang='lat' dir='ltr'>sic</span> <span class='ocrx_word' id='word_1_9' title='bbox 809 431 977 525; x_wconf 78' lang='lat' dir='ltr'><strong>amplecti</strong></span> <span class='ocrx_word' id='word_1_10' title='bbox 994 438 1146 524; x_wconf 80' lang='lat' dir='ltr'>oportet,</span> <span class='ocrx_word' id='word_1_11' title='bbox 1163 437 1206 501; x_wconf 94' lang='lat' dir='ltr'>ut</span> <span class='ocrx_word' id='word_1_12' title='bbox 1221 430 1323 502; x_wconf 92' lang='lat' dir='ltr'>nobis</span> <span class='ocrx_word' id='word_1_13' title='bbox 1338 431 1377 502; x_wconf 93' lang='lat' dir='ltr'>in</span> 
     </span>
     <span class='ocr_line' id='line_1_3' title="bbox 239 547 1376 648; baseline -0.004 -21"><span class='ocrx_word' id='word_1_14' title='bbox 239 555 344 627; x_wconf 88' lang='lat' dir='ltr'>sacris</span> <span class='ocrx_word' id='word_1_15' title='bbox 369 553 480 626; x_wconf 92' lang='lat' dir='ltr'>literis</span> <span class='ocrx_word' id='word_1_16' title='bbox 501 550 714 648; x_wconf 80' lang='lat' dir='ltr'>generaliter</span> <span class='ocrx_word' id='word_1_17' title='bbox 732 549 918 644; x_wconf 89' lang='lat' dir='ltr'>propositae</span> <span class='ocrx_word' id='word_1_18' title='bbox 943 555 1045 620; x_wconf 91' lang='lat' dir='ltr'>sunt:</span> <span class='ocrx_word' id='word_1_19' title='bbox 1071 556 1110 620; x_wconf 91' lang='lat' dir='ltr'>et</span> <span class='ocrx_word' id='word_1_20' title='bbox 1126 547 1197 620; x_wconf 92' lang='lat' dir='ltr'>Dei</span> <span class='ocrx_word' id='word_1_21' title='bbox 1214 548 1376 622; x_wconf 80' lang='lat' dir='ltr'>voluntas</span> 
     </span>
     <span class='ocr_line' id='line_1_4' title="bbox 237 664 1376 760; baseline -0.004 -18"><span class='ocrx_word' id='word_1_22' title='bbox 237 672 276 742; x_wconf 92' lang='lat' dir='ltr'>in</span> <span class='ocrx_word' id='word_1_23' title='bbox 292 671 419 742; x_wconf 89' lang='lat' dir='ltr'>uostris</span> <span class='ocrx_word' id='word_1_24' title='bbox 435 668 632 741; x_wconf 76' lang='lat' dir='ltr'>actionibus</span> <span class='ocrx_word' id='word_1_25' title='bbox 648 691 691 739; x_wconf 90' lang='lat' dir='ltr'>ea</span> <span class='ocrx_word' id='word_1_26' title='bbox 707 666 884 760; x_wconf 87' lang='lat' dir='ltr'>sequenda</span> <span class='ocrx_word' id='word_1_27' title='bbox 900 673 964 750; x_wconf 90' lang='lat' dir='ltr'>est,</span> <span class='ocrx_word' id='word_1_28' title='bbox 982 679 1097 758; x_wconf 50' lang='lat' dir='ltr'>quarn*</span> <span class='ocrx_word' id='word_1_29' title='bbox 1107 667 1146 736; x_wconf 93' lang='lat' dir='ltr'>in</span> <span class='ocrx_word' id='word_1_30' title='bbox 1162 664 1286 738; x_wconf 87' lang='lat' dir='ltr'>Verbo</span> <span class='ocrx_word' id='word_1_31' title='bbox 1303 665 1376 738; x_wconf 92' lang='lat' dir='ltr'>Dei</span> 
     </span>
     <span class='ocr_line' id='line_1_5' title="bbox 239 783 776 860; baseline -0.015 0"><span class='ocrx_word' id='word_1_32' title='bbox 239 787 410 860; x_wconf 87' lang='lat' dir='ltr'>habemus</span> <span class='ocrx_word' id='word_1_33' title='bbox 427 787 558 858; x_wconf 85' lang='lat' dir='ltr'>diserte</span> <span class='ocrx_word' id='word_1_34' title='bbox 573 783 776 858; x_wconf 77' lang='lat' dir='ltr'>revelatam.</span> 
     </span>
    </p>
   </div>
   <div class='ocr_carea' id='block_1_3' title="bbox 241 1047 1403 1145">
    <p class='ocr_par' dir='ltr' id='par_1_3' title="bbox 241 1047 1403 1145">
     <span class='ocr_line' id='line_1_6' title="bbox 241 1047 1403 1145; baseline -0.005 -19"><span class='ocrx_word' id='word_1_35' title='bbox 241 1059 300 1126; x_wconf 90' lang='lat'>18.</span> <span class='ocrx_word' id='word_1_36' title='bbox 354 1051 503 1125; x_wconf 80' lang='lat' dir='ltr'>Tectam</span> <span class='ocrx_word' id='word_1_37' title='bbox 519 1053 558 1124; x_wconf 82' lang='lat' dir='ltr'>ia</span> <span class='ocrx_word' id='word_1_38' title='bbox 574 1051 712 1124; x_wconf 81' lang='lat' dir='ltr'>nomiae</span> <span class='ocrx_word' id='word_1_39' title='bbox 728 1047 864 1126; x_wconf 73' lang='lat' dir='ltr'>Christi</span> <span class='ocrx_word' id='word_1_40' title='bbox 878 1047 1049 1145; x_wconf 69' lang='lat' dir='ltr'>parada</span> <span class='ocrx_word' id='word_1_41' title='bbox 1064 1058 1113 1122; x_wconf 83' lang='lat' dir='ltr'>ast</span> <span class='ocrx_word' id='word_1_42' title='bbox 1129 1057 1258 1122; x_wconf 73' lang='lat' dir='ltr'>catam</span> <span class='ocrx_word' id='word_1_43' title='bbox 1273 1047 1403 1130; x_wconf 74' lang='lat' dir='ltr'>saluas</span> 
     </span>
    </p>
   </div>
   <div class='ocr_carea' id='block_1_4' title="bbox 241 1198 1425 1764">
    <p class='ocr_par' dir='ltr' id='par_1_4' title="bbox 241 1198 1425 1764">
     <span class='ocr_line' id='line_1_7' title="bbox 291 1198 1378 1293; baseline -0.006 -17"><span class='ocrx_word' id='word_1_44' title='bbox 291 1203 384 1276; x_wconf 83' lang='lat' dir='ltr'>Sunt</span> <span class='ocrx_word' id='word_1_45' title='bbox 400 1211 438 1276; x_wconf 90' lang='lat' dir='ltr'>et</span> <span class='ocrx_word' id='word_1_46' title='bbox 454 1202 507 1274; x_wconf 92' lang='lat' dir='ltr'>illi</span> <span class='ocrx_word' id='word_1_47' title='bbox 529 1201 849 1274; x_wconf 83' lang='lat' dir='ltr'>anathematizandi</span> <span class='ocrx_word' id='word_1_48' title='bbox 865 1201 926 1293; x_wconf 92' lang='lat' dir='ltr'>qui</span> <span class='ocrx_word' id='word_1_49' title='bbox 949 1199 1066 1271; x_wconf 88' lang='lat' dir='ltr'>dicere</span> <span class='ocrx_word' id='word_1_50' title='bbox 1090 1198 1232 1284; x_wconf 87' lang='lat' dir='ltr'>audent,</span> <span class='ocrx_word' id='word_1_51' title='bbox 1250 1223 1378 1270; x_wconf 92' lang='lat' dir='ltr'>unum-</span> 
     </span>
     <span class='ocr_line' id='line_1_8' title="bbox 241 1316 1379 1414; baseline -0.003 -23"><span class='ocrx_word' id='word_1_52' title='bbox 241 1342 417 1414; x_wconf 86' lang='lat' dir='ltr'>quemque</span> <span class='ocrx_word' id='word_1_53' title='bbox 439 1319 477 1390; x_wconf 92' lang='lat' dir='ltr'>iu</span> <span class='ocrx_word' id='word_1_54' title='bbox 502 1318 581 1414; x_wconf 90' lang='lat' dir='ltr'>lege</span> <span class='ocrx_word' id='word_1_55' title='bbox 603 1327 666 1390; x_wconf 89' lang='lat' dir='ltr'>aut</span> <span class='ocrx_word' id='word_1_56' title='bbox 687 1326 784 1390; x_wconf 90' lang='lat' dir='ltr'>secta</span> <span class='ocrx_word' id='word_1_57' title='bbox 800 1339 907 1411; x_wconf 90' lang='lat' dir='ltr'>quam</span> <span class='ocrx_word' id='word_1_58' title='bbox 931 1316 1117 1411; x_wconf 88' lang='lat' dir='ltr'>profitetur</span> <span class='ocrx_word' id='word_1_59' title='bbox 1137 1338 1213 1387; x_wconf 90' lang='lat' dir='ltr'>esse</span> <span class='ocrx_word' id='word_1_60' title='bbox 1238 1339 1379 1388; x_wconf 89' lang='lat' dir='ltr'>servan-</span> 
     </span>
     <span class='ocr_line' id='line_1_9' title="bbox 241 1431 1377 1529; baseline -0.005 -19"><span class='ocrx_word' id='word_1_61' title='bbox 241 1439 338 1522; x_wconf 92' lang='lat' dir='ltr'>dum,</span> <span class='ocrx_word' id='word_1_62' title='bbox 354 1431 462 1508; x_wconf 80' lang='lat' dir='ltr'>modo</span> <span class='ocrx_word' id='word_1_63' title='bbox 473 1437 581 1529; x_wconf 90' lang='lat' dir='ltr'>juxta</span> <span class='ocrx_word' id='word_1_64' title='bbox 595 1433 693 1506; x_wconf 91' lang='lat' dir='ltr'>illam</span> <span class='ocrx_word' id='word_1_65' title='bbox 710 1434 886 1507; x_wconf 90' lang='lat' dir='ltr'>etlumen</span> <span class='ocrx_word' id='word_1_66' title='bbox 900 1442 1035 1504; x_wconf 83' lang='lat' dir='ltr'>naturae</span> <span class='ocrx_word' id='word_1_67' title='bbox 1051 1442 1214 1505; x_wconf 90' lang='lat' dir='ltr'>accurate</span> <span class='ocrx_word' id='word_1_68' title='bbox 1226 1434 1377 1506; x_wconf 72' lang='lat' dir='ltr'>vixeritt</span> 
     </span>
     <span class='ocr_line' id='line_1_10' title="bbox 242 1550 1377 1646; baseline -0.004 -20"><span class='ocrx_word' id='word_1_69' title='bbox 242 1577 325 1626; x_wconf 93' lang='lat' dir='ltr'>cum</span> <span class='ocrx_word' id='word_1_70' title='bbox 341 1576 446 1625; x_wconf 81' lang='lat' dir='ltr'>sacrae</span> <span class='ocrx_word' id='word_1_71' title='bbox 462 1551 572 1623; x_wconf 83' lang='lat' dir='ltr'>literae</span> <span class='ocrx_word' id='word_1_72' title='bbox 588 1559 730 1623; x_wconf 85' lang='lat' dir='ltr'>tantum</span> <span class='ocrx_word' id='word_1_73' title='bbox 746 1550 770 1622; x_wconf 92' lang='lat' dir='ltr'><strong>J</strong></span> <span class='ocrx_word' id='word_1_74' title='bbox 771 1571 839 1622; x_wconf 83' lang='lat' dir='ltr'>asu</span> <span class='ocrx_word' id='word_1_75' title='bbox 857 1550 1008 1622; x_wconf 82' lang='lat' dir='ltr'>Cfln1sr1</span> <span class='ocrx_word' id='word_1_76' title='bbox 1024 1574 1154 1622; x_wconf 92' lang='lat' dir='ltr'>nomen</span> <span class='ocrx_word' id='word_1_77' title='bbox 1176 1551 1377 1646; x_wconf 80' lang='lat' dir='ltr'>praedicent,</span> 
     </span>
     <span class='ocr_line' id='line_1_11' title="bbox 241 1666 1425 1764; baseline -0.007 -22"><span class='ocrx_word' id='word_1_78' title='bbox 241 1673 279 1742; x_wconf 94' lang='lat' dir='ltr'>in</span> <span class='ocrx_word' id='word_1_79' title='bbox 295 1693 366 1764; x_wconf 94' lang='lat' dir='ltr'>quo</span> <span class='ocrx_word' id='word_1_80' title='bbox 383 1669 497 1742; x_wconf 88' lang='lat' dir='ltr'>salvos</span> <span class='ocrx_word' id='word_1_81' title='bbox 513 1668 589 1739; x_wconf 89' lang='lat' dir='ltr'>fieri</span> <span class='ocrx_word' id='word_1_82' title='bbox 605 1666 764 1738; x_wconf 91' lang='lat' dir='ltr'>homines</span> <span class='ocrx_word' id='word_1_83' title='bbox 782 1675 956 1762; x_wconf 91' lang='lat' dir='ltr'>oporteat.</span> <span class='ocrx_word' id='word_1_84' title='bbox 1390 1686 1425 1726; x_wconf 88' lang='lat'>10</span> 
     </span>
    </p>
   </div>
   <div class='ocr_carea' id='block_1_5' title="bbox 242 1937 1425 2887">
    <p class='ocr_par' dir='ltr' id='par_1_5' title="bbox 285 1937 1335 2026">
     <span class='ocr_line' id='line_1_12' title="bbox 285 1937 1335 2026; baseline -0.004 -20"><span class='ocrx_word' id='word_1_85' title='bbox 285 1944 337 2012; x_wconf 87' lang='lat'>19.</span> <span class='ocrx_word' id='word_1_86' title='bbox 375 1937 507 2026; x_wconf 79' lang='lat' dir='ltr'>[Omnes</span> <span class='ocrx_word' id='word_1_87' title='bbox 521 1937 695 2026; x_wconf 60' lang='lat' dir='ltr'>obliquatur</span> <span class='ocrx_word' id='word_1_88' title='bbox 708 1938 754 2003; x_wconf 77' lang='lat' dir='ltr'>ad</span> <span class='ocrx_word' id='word_1_89' title='bbox 765 1937 898 2004; x_wconf 76' lang='lat' dir='ltr'>moralia</span> <span class='ocrx_word' id='word_1_90' title='bbox 911 1937 986 2025; x_wconf 73' lang='lat' dir='ltr'>lapis</span> <span class='ocrx_word' id='word_1_91' title='bbox 998 1945 1159 2025; x_wconf 54' lang='lat' dir='ltr'>accepta</span> <span class='ocrx_word' id='word_1_92' title='bbox 1173 1937 1335 2005; x_wconf 71' lang='lat' dir='ltr'>sonando.</span> 
     </span>
    </p>

    <p class='ocr_par' dir='ltr' id='par_1_6' title="bbox 242 2074 1425 2887">
     <span class='ocr_line' id='line_1_13' title="bbox 284 2074 1379 2162; baseline -0.004 -20"><span class='ocrx_word' id='word_1_93' title='bbox 284 2076 356 2142; x_wconf 89' lang='lat' dir='ltr'>Lex</span> <span class='ocrx_word' id='word_1_94' title='bbox 373 2078 393 2141; x_wconf 73' lang='lat' dir='ltr'>b</span> <span class='ocrx_word' id='word_1_95' title='bbox 413 2077 486 2144; x_wconf 88' lang='lat' dir='ltr'>Deo</span> <span class='ocrx_word' id='word_1_96' title='bbox 500 2077 573 2142; x_wconf 86' lang='lat' dir='ltr'>data</span> <span class='ocrx_word' id='word_1_97' title='bbox 592 2099 650 2162; x_wconf 90' lang='lat' dir='ltr'>per</span> <span class='ocrx_word' id='word_1_98' title='bbox 664 2076 792 2156; x_wconf 90' lang='lat' dir='ltr'>Mosen,</span> <span class='ocrx_word' id='word_1_99' title='bbox 806 2075 882 2141; x_wconf 86' lang='lat' dir='ltr'>licet</span> <span class='ocrx_word' id='word_1_100' title='bbox 895 2075 1002 2161; x_wconf 84' lang='lat' dir='ltr'>qubsd</span> <span class='ocrx_word' id='word_1_101' title='bbox 1017 2074 1228 2140; x_wconf 83' lang='lat' dir='ltr'>Oaeremonias</span> <span class='ocrx_word' id='word_1_102' title='bbox 1248 2085 1282 2139; x_wconf 92' lang='lat' dir='ltr'>et</span> <span class='ocrx_word' id='word_1_103' title='bbox 1297 2075 1379 2139; x_wconf 88' lang='lat' dir='ltr'>ritus</span> 
     </span>
     <span class='ocr_line' id='line_1_14' title="bbox 242 2177 1381 2266; baseline -0.003 -21"><span class='ocrx_word' id='word_1_104' title='bbox 242 2179 439 2246; x_wconf 80' lang='lat' dir='ltr'>Christianos</span> <span class='ocrx_word' id='word_1_105' title='bbox 457 2203 524 2245; x_wconf 90' lang='lat' dir='ltr'>non</span> <span class='ocrx_word' id='word_1_106' title='bbox 544 2181 707 2266; x_wconf 87' lang='lat' dir='ltr'>astringat,</span> <span class='ocrx_word' id='word_1_107' title='bbox 721 2201 828 2265; x_wconf 89' lang='lat' dir='ltr'>neque</span> <span class='ocrx_word' id='word_1_108' title='bbox 842 2179 948 2245; x_wconf 78' lang='lat' dir='ltr'>civilia</span> <span class='ocrx_word' id='word_1_109' title='bbox 964 2179 1033 2266; x_wconf 87' lang='lat' dir='ltr'>ejus</span> <span class='ocrx_word' id='word_1_110' title='bbox 1054 2188 1212 2262; x_wconf 73' lang='lat' dir='ltr'>precepta</span> <span class='ocrx_word' id='word_1_111' title='bbox 1224 2178 1260 2242; x_wconf 90' lang='lat' dir='ltr'>in</span> <span class='ocrx_word' id='word_1_112' title='bbox 1274 2177 1381 2264; x_wconf 90' lang='lat' dir='ltr'>aliqua</span> 
     </span>
     <span class='ocr_line' id='line_1_15' title="bbox 244 2280 1381 2366; baseline 0 -20"><span class='ocrx_word' id='word_1_113' title='bbox 244 2281 371 2366; x_wconf 88' lang='lat' dir='ltr'>Repub.</span> <span class='ocrx_word' id='word_1_114' title='bbox 399 2283 574 2348; x_wconf 87' lang='lat' dir='ltr'>necessario</span> <span class='ocrx_word' id='word_1_115' title='bbox 603 2282 703 2366; x_wconf 83' lang='lat' dir='ltr'>recipi</span> <span class='ocrx_word' id='word_1_116' title='bbox 730 2281 878 2361; x_wconf 86' lang='lat' dir='ltr'>debeant,</span> <span class='ocrx_word' id='word_1_117' title='bbox 902 2281 1109 2346; x_wconf 89' lang='lat' dir='ltr'>nihilominus</span> <span class='ocrx_word' id='word_1_118' title='bbox 1134 2281 1174 2346; x_wconf 92' lang='lat' dir='ltr'>ab</span> <span class='ocrx_word' id='word_1_119' title='bbox 1199 2280 1381 2346; x_wconf 86' lang='lat' dir='ltr'>obedientia</span> 
     </span>
     <span class='ocr_line' id='line_1_16' title="bbox 242 2383 1425 2470; baseline 0.002 -22"><span class='ocrx_word' id='word_1_120' title='bbox 242 2386 463 2450; x_wconf 88' lang='lat' dir='ltr'>mandatorum</span> <span class='ocrx_word' id='word_1_121' title='bbox 485 2408 556 2470; x_wconf 87' lang='lat' dir='ltr'>quae</span> <span class='ocrx_word' id='word_1_122' title='bbox 579 2384 717 2449; x_wconf 86' lang='lat' dir='ltr'>Moralia</span> <span class='ocrx_word' id='word_1_123' title='bbox 740 2395 905 2464; x_wconf 86' lang='lat' dir='ltr'>vocantur,</span> <span class='ocrx_word' id='word_1_124' title='bbox 927 2384 1035 2450; x_wconf 77' lang='lat' dir='ltr'>nullam</span> <span class='ocrx_word' id='word_1_125' title='bbox 1060 2384 1262 2470; x_wconf 73' lang='lat' dir='ltr'>quantumvis</span> <span class='ocrx_word' id='word_1_126' title='bbox 1287 2383 1425 2456; x_wconf 82' lang='lat' dir='ltr'>Chri-15</span> 
     </span>
     <span class='ocr_line' id='line_1_17' title="bbox 243 2486 1381 2573; baseline -0.001 -22"><span class='ocrx_word' id='word_1_127' title='bbox 243 2487 363 2552; x_wconf 88' lang='lat' dir='ltr'>stianus</span> <span class='ocrx_word' id='word_1_128' title='bbox 386 2497 434 2551; x_wconf 87' lang='lat' dir='ltr'>est</span> <span class='ocrx_word' id='word_1_129' title='bbox 454 2487 595 2552; x_wconf 87' lang='lat' dir='ltr'>solutus:</span> <span class='ocrx_word' id='word_1_130' title='bbox 628 2509 726 2573; x_wconf 87' lang='lat' dir='ltr'>quare</span> <span class='ocrx_word' id='word_1_131' title='bbox 748 2487 798 2552; x_wconf 91' lang='lat' dir='ltr'>illi</span> <span class='ocrx_word' id='word_1_132' title='bbox 821 2511 887 2552; x_wconf 93' lang='lat' dir='ltr'>non</span> <span class='ocrx_word' id='word_1_133' title='bbox 912 2499 986 2552; x_wconf 91' lang='lat' dir='ltr'>sunt</span> <span class='ocrx_word' id='word_1_134' title='bbox 1010 2487 1172 2566; x_wconf 88' lang='lat' dir='ltr'>audiendi,</span> <span class='ocrx_word' id='word_1_135' title='bbox 1197 2486 1254 2572; x_wconf 93' lang='lat' dir='ltr'>qui</span> <span class='ocrx_word' id='word_1_136' title='bbox 1279 2508 1381 2551; x_wconf 87' lang='lat' dir='ltr'>sacras</span> 
     </span>
     <span class='ocr_line' id='line_1_18' title="bbox 244 2590 1382 2676; baseline 0 -20"><span class='ocrx_word' id='word_1_137' title='bbox 244 2591 351 2656; x_wconf 84' lang='lat' dir='ltr'>literas</span> <span class='ocrx_word' id='word_1_138' title='bbox 375 2602 499 2657; x_wconf 83' lang='lat' dir='ltr'>tantum</span> <span class='ocrx_word' id='word_1_139' title='bbox 523 2590 656 2655; x_wconf 87' lang='lat' dir='ltr'>infirmis</span> <span class='ocrx_word' id='word_1_140' title='bbox 678 2591 766 2656; x_wconf 85' lang='lat' dir='ltr'>datas</span> <span class='ocrx_word' id='word_1_141' title='bbox 788 2613 855 2656; x_wconf 88' lang='lat' dir='ltr'>esse</span> <span class='ocrx_word' id='word_1_142' title='bbox 880 2590 1062 2676; x_wconf 87' lang='lat' dir='ltr'>perhibent,</span> <span class='ocrx_word' id='word_1_143' title='bbox 1087 2603 1120 2656; x_wconf 90' lang='lat' dir='ltr'>ct</span> <span class='ocrx_word' id='word_1_144' title='bbox 1140 2591 1287 2676; x_wconf 83' lang='lat' dir='ltr'>spiritum</span> <span class='ocrx_word' id='word_1_145' title='bbox 1308 2613 1382 2675; x_wconf 88' lang='lat' dir='ltr'>per·</span> 
     </span>
     <span class='ocr_line' id='line_1_19' title="bbox 244 2693 1383 2782; baseline -0.001 -23"><span class='ocrx_word' id='word_1_146' title='bbox 244 2696 342 2778; x_wconf 80' lang='lat' dir='ltr'>petuo</span> <span class='ocrx_word' id='word_1_147' title='bbox 352 2695 484 2782; x_wconf 87' lang='lat' dir='ltr'>jactant,</span> <span class='ocrx_word' id='word_1_148' title='bbox 498 2699 517 2760; x_wconf 76' lang='lat' dir='ltr'>a</span> <span class='ocrx_word' id='word_1_149' title='bbox 531 2717 596 2779; x_wconf 91' lang='lat' dir='ltr'>quo</span> <span class='ocrx_word' id='word_1_150' title='bbox 611 2693 672 2758; x_wconf 88' lang='lat' dir='ltr'>sibi</span> <span class='ocrx_word' id='word_1_151' title='bbox 685 2717 757 2780; x_wconf 86' lang='lat' dir='ltr'>quae</span> <span class='ocrx_word' id='word_1_152' title='bbox 770 2693 954 2778; x_wconf 73' lang='lat' dir='ltr'>pradicant,</span> <span class='ocrx_word' id='word_1_153' title='bbox 969 2694 1098 2780; x_wconf 84' lang='lat' dir='ltr'>suggeri</span> <span class='ocrx_word' id='word_1_154' title='bbox 1112 2703 1267 2774; x_wconf 87' lang='lat' dir='ltr'>asserunt,</span> <span class='ocrx_word' id='word_1_155' title='bbox 1282 2715 1383 2780; x_wconf 88' lang='lat' dir='ltr'>quan-</span> 
     </span>
     <span class='ocr_line' id='line_1_20' title="bbox 245 2797 1055 2887; baseline 0 -23"><span class='ocrx_word' id='word_1_156' title='bbox 245 2822 341 2885; x_wconf 87' lang='lat' dir='ltr'>quam</span> <span class='ocrx_word' id='word_1_157' title='bbox 355 2821 429 2864; x_wconf 89' lang='lat' dir='ltr'>cum</span> <span class='ocrx_word' id='word_1_158' title='bbox 443 2797 545 2864; x_wconf 85' lang='lat' dir='ltr'>Sacris</span> <span class='ocrx_word' id='word_1_159' title='bbox 559 2798 659 2864; x_wconf 90' lang='lat' dir='ltr'>literis</span> <span class='ocrx_word' id='word_1_160' title='bbox 674 2799 869 2883; x_wconf 90' lang='lat' dir='ltr'>apertissime</span> <span class='ocrx_word' id='word_1_161' title='bbox 884 2799 1055 2887; x_wconf 80' lang='lat' dir='ltr'>pugnent]</span> 
     </span>
    </p>
   </div>
   <div class='ocr_carea' id='block_1_6' title="bbox 635 3067 1428 3145">
    <p class='ocr_par' dir='ltr' id='par_1_7' title="bbox 635 3067 1428 3145">
     <span class='ocr_line' id='line_1_21' title="bbox 635 3067 1428 3145; baseline 0.004 -3"><span class='ocrx_word' id='word_1_162' title='bbox 635 3075 694 3142; x_wconf 76' lang='lat'>20.</span> <span class='ocrx_word' id='word_1_163' title='bbox 744 3067 801 3143; x_wconf 83' lang='lat' dir='ltr'>De</span> <span class='ocrx_word' id='word_1_164' title='bbox 816 3069 981 3144; x_wconf 80' lang='lat' dir='ltr'>Ecclesia.</span> <span class='ocrx_word' id='word_1_165' title='bbox 1392 3104 1428 3145; x_wconf 65' lang='grc' dir='ltr'>ιο</span> 
     </span>
    </p>
   </div>
   <div class='ocr_carea' id='block_1_7' title="bbox 245 3222 1426 4134">
    <p class='ocr_par' dir='ltr' id='par_1_8' title="bbox 245 3222 1384 3646">
     <span class='ocr_line' id='line_1_22' title="bbox 296 3222 1382 3313; baseline -0.004 -17"><span class='ocrx_word' id='word_1_166' title='bbox 296 3223 455 3296; x_wconf 88' lang='lat' dir='ltr'>Ecclesia</span> <span class='ocrx_word' id='word_1_167' title='bbox 479 3223 630 3296; x_wconf 81' lang='lat' dir='ltr'>Cumsrr</span> <span class='ocrx_word' id='word_1_168' title='bbox 654 3224 810 3308; x_wconf 86' lang='lat' dir='ltr'>risibilis,</span> <span class='ocrx_word' id='word_1_169' title='bbox 834 3232 889 3296; x_wconf 90' lang='lat' dir='ltr'>est</span> <span class='ocrx_word' id='word_1_170' title='bbox 918 3231 1030 3295; x_wconf 84' lang='lat' dir='ltr'>coetus</span> <span class='ocrx_word' id='word_1_171' title='bbox 1055 3222 1224 3306; x_wconf 88' lang='lat' dir='ltr'>fidelium,</span> <span class='ocrx_word' id='word_1_172' title='bbox 1249 3223 1286 3292; x_wconf 95' lang='lat' dir='ltr'>in</span> <span class='ocrx_word' id='word_1_173' title='bbox 1312 3243 1382 3313; x_wconf 94' lang='lat' dir='ltr'>quo</span> 
     </span>
     <span class='ocr_line' id='line_1_23' title="bbox 245 3337 1384 3435; baseline -0.003 -25"><span class='ocrx_word' id='word_1_174' title='bbox 245 3341 394 3413; x_wconf 86' lang='lat' dir='ltr'>verbum</span> <span class='ocrx_word' id='word_1_175' title='bbox 411 3341 481 3412; x_wconf 92' lang='lat' dir='ltr'>Dei</span> <span class='ocrx_word' id='word_1_176' title='bbox 502 3364 630 3435; x_wconf 90' lang='lat' dir='ltr'>purum</span> <span class='ocrx_word' id='word_1_177' title='bbox 655 3342 873 3435; x_wconf 78' lang='lat' dir='ltr'>praedicatur,</span> <span class='ocrx_word' id='word_1_178' title='bbox 896 3348 934 3412; x_wconf 90' lang='lat' dir='ltr'>et</span> <span class='ocrx_word' id='word_1_179' title='bbox 957 3340 1186 3411; x_wconf 84' lang='lat' dir='ltr'>Sacramenta</span> <span class='ocrx_word' id='word_1_180' title='bbox 1205 3337 1321 3431; x_wconf 86' lang='lat' dir='ltr'>quoad</span> <span class='ocrx_word' id='word_1_181' title='bbox 1341 3359 1384 3407; x_wconf 91' lang='lat' dir='ltr'>ea</span> 
     </span>
     <span class='ocr_line' id='line_1_24' title="bbox 246 3443 1384 3552; baseline -0.003 -25"><span class='ocrx_word' id='word_1_182' title='bbox 246 3479 324 3549; x_wconf 80' lang='lat' dir='ltr'>qua</span> <span class='ocrx_word' id='word_1_183' title='bbox 348 3457 542 3528; x_wconf 86' lang='lat' dir='ltr'>necessario</span> <span class='ocrx_word' id='word_1_184' title='bbox 565 3458 764 3552; x_wconf 87' lang='lat' dir='ltr'>exiguntur,</span> <span class='ocrx_word' id='word_1_185' title='bbox 779 3459 886 3552; x_wconf 86' lang='lat' dir='ltr'>juxta</span> <span class='ocrx_word' id='word_1_186' title='bbox 903 3443 1034 3529; x_wconf 86' lang='lat' dir='ltr'>Christi</span> <span class='ocrx_word' id='word_1_187' title='bbox 1055 3457 1260 3528; x_wconf 91' lang='lat' dir='ltr'>institutum</span> <span class='ocrx_word' id='word_1_188' title='bbox 1285 3463 1384 3525; x_wconf 90' lang='lat' dir='ltr'>recte</span> 
     </span>
     <span class='ocr_line' id='line_1_25' title="bbox 246 3574 543 3646; baseline -0.007 -2"><span class='ocrx_word' id='word_1_189' title='bbox 246 3574 543 3646; x_wconf 88' lang='lat' dir='ltr'>administrantur.</span> 
     </span>
    </p>

    <p class='ocr_par' dir='ltr' id='par_1_9' title="bbox 247 3686 1426 4134">
     <span class='ocr_line' id='line_1_26' title="bbox 298 3686 1426 3784; baseline -0.007 -23"><span class='ocrx_word' id='word_1_190' title='bbox 298 3688 400 3761; x_wconf 85' lang='lat' dir='ltr'>Sicut</span> <span class='ocrx_word' id='word_1_191' title='bbox 434 3691 562 3761; x_wconf 89' lang='lat' dir='ltr'>erravit</span> <span class='ocrx_word' id='word_1_192' title='bbox 587 3688 748 3761; x_wconf 89' lang='lat' dir='ltr'>Ecclesia</span> <span class='ocrx_word' id='word_1_193' title='bbox 773 3687 1104 3784; x_wconf 82' lang='lat' dir='ltr'>Hierosolymitana,</span> <span class='ocrx_word' id='word_1_194' title='bbox 1130 3686 1426 3770; x_wconf 57' lang='lat' dir='ltr'>Alexandrinam</span> 
     </span>
     <span class='ocr_line' id='line_1_27' title="bbox 247 3803 1384 3890; baseline -0.002 -14"><span class='ocrx_word' id='word_1_195' title='bbox 247 3813 285 3877; x_wconf 90' lang='lat' dir='ltr'>et</span> <span class='ocrx_word' id='word_1_196' title='bbox 302 3803 538 3890; x_wconf 78' lang='lat' dir='ltr'>Antiocheno,</span> <span class='ocrx_word' id='word_1_197' title='bbox 554 3807 606 3877; x_wconf 91' lang='lat' dir='ltr'>ita</span> <span class='ocrx_word' id='word_1_198' title='bbox 622 3812 660 3876; x_wconf 91' lang='lat' dir='ltr'>et</span> <span class='ocrx_word' id='word_1_199' title='bbox 676 3805 805 3876; x_wconf 85' lang='lat' dir='ltr'>erravit</span> <span class='ocrx_word' id='word_1_200' title='bbox 822 3804 981 3876; x_wconf 80' lang='lat' dir='ltr'>Ecclesia</span> <span class='ocrx_word' id='word_1_201' title='bbox 994 3805 1163 3888; x_wconf 88' lang='lat' dir='ltr'>Romana,</span> <span class='ocrx_word' id='word_1_202' title='bbox 1180 3828 1252 3875; x_wconf 93' lang='lat' dir='ltr'>non</span> <span class='ocrx_word' id='word_1_203' title='bbox 1269 3803 1384 3875; x_wconf 89' lang='lat' dir='ltr'>solum</span> 
     </span>
     <span class='ocr_line' id='line_1_28' title="bbox 248 3921 1385 4019; baseline -0.003 -25"><span class='ocrx_word' id='word_1_204' title='bbox 248 3924 363 4016; x_wconf 88' lang='lat' dir='ltr'>quoad</span> <span class='ocrx_word' id='word_1_205' title='bbox 385 3924 522 4019; x_wconf 91' lang='lat' dir='ltr'>agenda</span> <span class='ocrx_word' id='word_1_206' title='bbox 538 3932 575 3994; x_wconf 90' lang='lat' dir='ltr'>et</span> <span class='ocrx_word' id='word_1_207' title='bbox 592 3923 876 3994; x_wconf 87' lang='lat' dir='ltr'>caeremoniamm</span> <span class='ocrx_word' id='word_1_208' title='bbox 893 3923 991 4006; x_wconf 91' lang='lat' dir='ltr'>ritus,</span> <span class='ocrx_word' id='word_1_209' title='bbox 1010 3945 1132 3994; x_wconf 87' lang='lat' dir='ltr'>verum</span> <span class='ocrx_word' id='word_1_210' title='bbox 1149 3922 1187 3992; x_wconf 92' lang='lat' dir='ltr'>in</span> <span class='ocrx_word' id='word_1_211' title='bbox 1203 3921 1259 3992; x_wconf 89' lang='lat' dir='ltr'>his</span> <span class='ocrx_word' id='word_1_212' title='bbox 1275 3921 1385 3992; x_wconf 88' lang='lat' dir='ltr'>etiam</span> 
     </span>
     <span class='ocr_line' id='line_1_29' title="bbox 248 4041 625 4134; baseline 0 -22"><span class='ocrx_word' id='word_1_213' title='bbox 248 4063 325 4134; x_wconf 87' lang='lat' dir='ltr'>quae</span> <span class='ocrx_word' id='word_1_214' title='bbox 342 4041 516 4113; x_wconf 91' lang='lat' dir='ltr'>credenda</span> <span class='ocrx_word' id='word_1_215' title='bbox 532 4048 625 4112; x_wconf 91' lang='lat' dir='ltr'>sunt.</span> 
     </span>
    </p>
   </div>
   <div class='ocr_carea' id='block_1_8' title="bbox 511 4223 1099 4330">
    <p class='ocr_par' dir='ltr' id='par_1_10' title="bbox 511 4223 1099 4330">
     <span class='ocr_line' id='line_1_30' title="bbox 511 4223 1099 4330; baseline 0.003 -2"><span class='ocrx_word' id='word_1_216' title='bbox 511 4223 582 4328; x_wconf 45' lang='lat'>⁵21.</span> <span class='ocrx_word' id='word_1_217' title='bbox 631 4253 689 4328; x_wconf 87' lang='lat' dir='ltr'>Da</span> <span class='ocrx_word' id='word_1_218' title='bbox 703 4253 868 4329; x_wconf 66' lang='lat' dir='ltr'>Ecclesiae</span> <span class='ocrx_word' id='word_1_219' title='bbox 884 4255 1099 4330; x_wconf 70' lang='lat' dir='ltr'>authoritate.</span> 
     </span>
    </p>
   </div>
   <div class='ocr_carea' id='block_1_9' title="bbox 249 4405 1430 4621">
    <p class='ocr_par' dir='ltr' id='par_1_11' title="bbox 249 4405 1430 4621">
     <span class='ocr_line' id='line_1_31' title="bbox 299 4405 1430 4502; baseline -0.002 -24"><span class='ocrx_word' id='word_1_220' title='bbox 299 4405 465 4478; x_wconf 78' lang='lat' dir='ltr'>Ecclesiae</span> <span class='ocrx_word' id='word_1_221' title='bbox 494 4430 566 4478; x_wconf 92' lang='lat' dir='ltr'>non</span> <span class='ocrx_word' id='word_1_222' title='bbox 599 4407 683 4480; x_wconf 88' lang='lat' dir='ltr'>licet</span> <span class='ocrx_word' id='word_1_223' title='bbox 709 4409 898 4502; x_wconf 91' lang='lat' dir='ltr'>quicquam</span> <span class='ocrx_word' id='word_1_224' title='bbox 926 4408 1122 4493; x_wconf 90' lang='lat' dir='ltr'>instituere,</span> <span class='ocrx_word' id='word_1_225' title='bbox 1153 4409 1248 4502; x_wconf 87' lang='lat' dir='ltr'>qnod</span> <span class='ocrx_word' id='word_1_226' title='bbox 1277 4407 1430 4491; x_wconf 80' lang='lat' dir='ltr'>verbo30</span> 
     </span>
     <span class='ocr_line' id='line_1_32' title="bbox 249 4522 1386 4621; baseline 0.001 -26"><span class='ocrx_word' id='word_1_227' title='bbox 249 4522 318 4595; x_wconf 91' lang='lat' dir='ltr'>Dei</span> <span class='ocrx_word' id='word_1_228' title='bbox 344 4523 474 4617; x_wconf 87' lang='lat' dir='ltr'>scripto</span> <span class='ocrx_word' id='word_1_229' title='bbox 499 4524 703 4597; x_wconf 88' lang='lat' dir='ltr'>adversetur</span> <span class='ocrx_word' id='word_1_230' title='bbox 716 4546 735 4596; x_wconf 63' lang='grc' dir='ltr'>ιι</span> <span class='ocrx_word' id='word_1_231' title='bbox 763 4549 879 4620; x_wconf 89' lang='lat' dir='ltr'>neque</span> <span class='ocrx_word' id='word_1_232' title='bbox 909 4549 1021 4598; x_wconf 90' lang='lat' dir='ltr'>unum</span> <span class='ocrx_word' id='word_1_233' title='bbox 1048 4524 1239 4621; x_wconf 78' lang='lat' dir='ltr'>Scriptura</span> <span class='ocrx_word' id='word_1_234' title='bbox 1267 4523 1386 4596; x_wconf 87' lang='lat' dir='ltr'>locum</span> 
     </span>
    </p>
   </div>
   <div class='ocr_carea' id='block_1_10' title="bbox 0 0 1581 4962">
    <p class='ocr_par' dir='ltr' id='par_1_12' title="bbox 0 0 1581 4962">
     <span class='ocr_line' id='line_1_33' title="bbox 0 0 1581 4962; baseline 0 0"><span class='ocrx_word' id='word_1_235' title='bbox 0 0 1581 4962; x_wconf 95' lang='lat' dir='ltr'> </span> 
     </span>
    </p>
   </div>
  </div>
 </body>
</html>
