3140 4972
213 219 322 304 1604]
434 218 650 284 amatum
666 219 733 283 aad
746 219 871 285 Conona
885 212 1133 282 Katamana
1283 213 1347 278 183

205 417 390 488 pomonam
408 396 690 489 (quibuscunque
705 395 854 467 tandum
879 393 986 466 animi
1004 392 1145 463 dotibus
1168 411 1345 462 commen-

206 512 341 606 datam)
358 535 430 583 uno
453 523 491 584 et
513 513 637 584 eodem
656 513 713 583 dio
736 512 922 582 diaconum
939 516 978 579 ot
999 507 1242 602 presbyterum
1263 528 1346 576 oon-

205 629 352 713 stituat;
375 629 457 722 quin
475 637 517 699 ut
541 630 630 700 ritus
646 652 689 699 ea
711 629 749 699 in
765 636 865 721 parte
886 625 1108 720 praescriptus
1131 625 1169 694 iu
1191 621 1281 693 libro
1299 623 1344 692 de

205 744 387 839 episcopis,
414 744 632 838 presbyteris,
658 755 696 816 et
721 744 876 814 diaconis
901 741 1110 822 ordinandis,
1135 747 1172 809 et
1196 739 1345 831 inaugu-

205 862 331 944 randis,
350 861 472 933 stricte
495 861 719 947 observetur3
744 885 816 932 non
832 884 902 954 quo
919 859 1084 930 diaconos
1104 878 1226 928 omnes
1248 877 1369 949 pres-5

204 978 333 1072 hyterii
366 977 467 1048 aditu
500 1001 562 1071 per
595 1001 726 1050 annum
759 978 936 1071 integrum
969 973 1227 1068 prohibeamus,
1261 994 1349 1042 oum·

204 1103 326 1166 tamen
351 1094 534 1188 episcopus
552 1096 688 1187 justam
712 1095 787 1187 ejus
812 1093 1022 1166 admittendi
1046 1111 1188 1162 causam
1213 1085 1348 1178 alioqui·

204 1211 391 1294 invenerit,
408 1234 531 1282 verum
547 1222 589 1282 ut
611 1234 692 1282 cum
710 1221 860 1304 quatuor
879 1220 1040 1304 tempora
1062 1209 1289 1278 diaconorum
1306 1212 1345 1274 et

204 1328 489 1422 presbyterorum
505 1329 714 1400 ordinationi
738 1330 775 1399 iu
792 1328 946 1424 singulos
969 1349 1078 1399 annos
1101 1325 1171 1395 sint
1191 1323 1344 1404 decreta,

205 1443 338 1538 aliquid
364 1444 491 1538 saltem
515 1447 618 1539 spatii
641 1446 755 1529 detur,
772 1447 817 1516 ad
842 1443 1037 1538 periculum
1061 1442 1105 1512 de
1127 1439 1272 1534 siugulis
1294 1438 1345 1508 fa-
1355 1469 1388 1509 ιο

205 1561 380 1645 ciendum,
404 1562 526 1655 quales
551 1564 588 1634 in
614 1563 727 1634 officio
752 1561 889 1634 diaconi
914 1583 952 1631 se
977 1557 1212 1641 exhibuerint,
1234 1555 1346 1649 prius-

206 1699 314 1770 quam
332 1677 368 1747 in
386 1679 543 1750 ordinem
561 1679 845 1773 presbyterorum
862 1677 1105 1769 suscipiantur.

290 1973 484 2048 XXXIII.
509 1974 691 2050 Neminem
707 1978 781 2048 siaa
797 1986 887 2050 certo
904 1974 1002 2050 titulo
1019 1973 1261 2048 mdiuondum.

258 2129 388 2214 Multis
402 2143 480 2235 jam
497 2143 582 2215 olim
598 2152 741 2238 patrum
758 2145 908 2217 decretis
925 2153 1069 2216 cautum
1091 2151 1156 2226 est,
1174 2165 1219 2212 no
1240 2161 1347 2234 quem

204 2258 329 2332 liceret
361 2261 558 2347 diaconum,
588 2260 644 2333 vel
673 2263 917 2356 presbyterum
946 2261 1106 2344 ordinari,
1136 2259 1203 2329 nisi
1240 2271 1390 2351 quem15

206 2387 395 2462 constaret,
426 2389 563 2450 cenum
596 2378 750 2473 aliquem
784 2387 822 2450 et
851 2380 1073 2474 designatum
1106 2375 1260 2447 muneris
1294 2375 1348 2444 sui

209 2495 398 2566 exercendi
425 2493 544 2566 locum
569 2519 632 2589 per
658 2497 695 2567 id
721 2507 860 2590 tempus
890 2496 1068 2580 obtinere3
1105 2515 1255 2587 quorum
1284 2515 1348 2562 nos

207 2612 456 2682 auctoritatem
474 2613 597 2696 secuti,
615 2613 803 2684 statuimus
820 2620 857 2683 et
871 2613 1081 2695 ordinamus,
1094 2633 1140 2681 ne
1158 2611 1235 2704 quis
1251 2609 1350 2679 dein-

210 2750 292 2821 ceps
310 2729 347 2798 in
364 2751 478 2798 sauros
495 2728 634 2799 ordines
651 2728 869 2813 admittatur,
887 2729 954 2799 nisi
971 2728 1032 2821 qui
1048 2728 1173 2798 eodem
1187 2735 1348 2818 tempore

205 2845 516 2938 praesentationem
534 2847 697 2940 suiipsius
720 2846 765 2917 ad
781 2847 1040 2940 promotionem
1063 2843 1216 2937 aliquam
1238 2842 1350 2915 eccle·
1358 2864 1393 2904 20

209 2962 386 3033 siasticam
411 2962 502 3033 infra
530 2964 697 3035 dioeoesin
721 2963 816 3035 illius
841 2965 1005 3058 episcopi,
1031 2987 1053 3034 a
1081 2986 1150 3056 quo
1179 2984 1348 3032 manuum

208 3079 470 3173 impositionem
487 3081 590 3173 petit,
607 3065 692 3153 tuno
709 3091 894 3153 vacantem
912 3081 1133 3164 exhibuerit3
1157 3078 1214 3150 vel
1229 3103 1350 3149 vemm

209 3203 247 3267 et
270 3195 512 3267 indubitatum
537 3198 822 3268 certificatorium
847 3196 1017 3279 attulerit,
1035 3196 1107 3268 sive
1134 3196 1178 3267 de
1203 3194 1351 3267 ecclesia

209 3311 326 3405 aliqua
354 3312 445 3382 infra
474 3313 641 3384 dioecesin
668 3336 730 3385 seu
756 3315 1039 3406 jurisdictionem
1070 3314 1155 3384 dicti
1185 3314 1349 3407 episcopi,

208 3429 309 3521 cujus
325 3452 410 3500 cura
427 3429 525 3524 funffl‘
542 3430 663 3524 possit,
680 3429 754 3500 siue
772 3429 912 3501 deloco
931 3431 1068 3500 diaconi
1083 3429 1138 3501 vel
1157 3430 1350 3524 presbyteri
1360 3447 1393 3504 25

208 3546 246 3617 in
266 3545 458 3618 cathedrali
481 3556 544 3617 aut
567 3546 755 3642 collegiata
775 3547 893 3640 aliqua
914 3545 1071 3630 ecclesia,
1088 3547 1180 3617 infra
1201 3545 1350 3618 eandem

210 3661 377 3732 dioecesin
397 3671 557 3747 vacante,
574 3663 610 3733 in
628 3687 698 3758 quo
721 3664 939 3735 functionem
961 3686 1061 3735 suam
1083 3673 1267 3748 exerceat3
1293 3663 1351 3734 vel

210 3778 276 3848 nisi
306 3777 414 3848 fidem
444 3778 579 3863 fecerit,
608 3803 646 3852 se
675 3803 751 3852 esse
781 3790 864 3852 actu
893 3781 1039 3864 socium,
1068 3789 1130 3850 aut
1153 3780 1169 3872 j
1265 3781 1350 3851 socii

163 3901 167 3907 '
208 3894 380 3977 obtinere,
410 3893 467 3965 vel
498 3897 720 3992 designatum
745 3919 821 3968 esse
846 3897 1103 3968 conductitium
1132 3897 1206 3967 sive
1235 3895 1350 3990 capel-

194 4013 330 4083 ·lanum
358 4015 394 4082 in
424 4013 541 4106 aliquo
569 4012 718 4108 collegio
747 4013 1026 4106 Cantabrigiensi
1052 4022 1114 4084 aut
1144 4011 1393 4099 Oxoniensi,30

162 4169 164 4177 -
210 4129 268 4198 vel
295 4130 403 4200 etiam
429 4130 474 4200 ad
499 4131 658 4224 magistri
683 4129 831 4224 gradum
856 4137 940 4200 ante
964 4129 1241 4222 quinquennium
1270 4153 1350 4222 pro·

211 4253 363 4328 vectum,
387 4246 458 4317 suis
481 4245 613 4316 ibidem
639 4246 837 4341 sumptibus
860 4247 1009 4340 degere;
1035 4245 1092 4316 vel
1118 4245 1184 4316 nisi
1209 4247 1254 4318 ab
1277 4249 1350 4340 epi-

211 4383 316 4456 scopo
341 4363 457 4456 ipsum
474 4363 658 4434 ordinante
680 4365 717 4434 in
735 4364 944 4435 beneficium
962 4365 1035 4434 sivo
1055 4363 1099 4434 ad
1117 4364 1349 4436 exercendam

212 4479 365 4573 aliquam
389 4503 519 4564 curam,
537 4497 623 4554 tuno
649 4483 757 4554 etiam
780 4489 977 4565 vacantem,
1001 4481 1097 4552 brevi
1119 4489 1199 4574 post
1221 4483 1268 4553 sit
1289 4481 1350 4552 ad-
