3140 4972
192 207 316 294 1604.]'
420 207 638 273 Οοιιιιίιιιιίοηε
652 209 720 272 and
736 209 858 274 Canem
873 209 1115 276 Εοσῖιείαιιὶοαὶ.
1267 213 1331 282 179

239 381 360 454 Primo
372 383 627 456 observandum
642 385 811 479 estquod
826 387 934 456 etiam
948 387 976 458 si
989 386 1014 456 J
1015 387 1116 470 ndaei,
1130 409 1172 458 ac
1185 385 1329 458 Ethnioi

187 499 365 592 apostolos
398 499 620 594 reliquosque
654 502 860 574 christianos
885 505 1081 584 irriderent,
1115 504 1210 596 quod
1244 527 1328 576 eum

187 615 430 706 praedicarent,
448 618 484 686 in
502 639 654 709 eumque
677 619 870 700 crederent,
888 620 948 710 qui
966 621 1078 690 crucis
1101 628 1217 691 morte
1234 629 1328 692 esset

186 730 357 815 affectus3
383 741 523 803 tantum
540 741 661 803 tamen
677 733 808 815 aberat,
826 744 868 804 ut
885 735 942 806 vel
959 735 1119 827 apostoli,
1134 736 1189 806 vel
1203 736 1328 829 reliqui

187 846 367 919 christiani
386 849 498 919 erucis
515 848 700 941 opprobrio
724 850 854 942 seipsos
870 851 962 943 passi
979 852 1050 920 sint
1071 874 1093 922 a
1114 852 1354 945 professiones

186 985 250 1034 sna
275 963 454 1046 deterreri,
471 973 513 1033 ut
538 965 575 1033 in
593 964 716 1034 eadem
739 964 922 1036 exultandi
945 967 1073 1059 potins,
1097 977 1134 1038 et
1156 968 1328 1063 gloriandi

186 1083 322 1152 animos
338 1081 420 1152 inde
438 1089 629 1152 sumerent.

237 1196 316 1268 Imo
334 1196 486 1290 Spiritus
503 1195 655 1268 Sanetus
671 1220 735 1290 per
751 1197 988 1291 apostolorum
1006 1221 1067 1269 ora
1084 1201 1198 1292 ipsum
1216 1204 1328 1274 crucis

186 1336 316 1384 nomen
334 1313 482 1399 (Judaeis
503 1315 628 1407 utique
647 1315 815 1407 invisum)
833 1339 944 1409 nsque
965 1318 1053 1387 adeo
1072 1316 1268 1401 honoravit,
1285 1328 1329 1389 ut

185 1455 258 1502 non
282 1432 388 1502 modo
406 1431 589 1503 Christum
614 1433 729 1525 ipsum
756 1433 963 1503 crucifixum
990 1433 1054 1504 sub
1081 1434 1205 1504 eodem
1233 1457 1371 1506 com-ro

185 1547 431 1640 prehenderet,
460 1549 522 1619 sed
556 1557 594 1618 et
626 1549 750 1618 mortis
784 1570 825 1619 ao
858 1550 1028 1641 passionis
1061 1549 1192 1622 Christi
1226 1551 1327 1635 vires,

185 1662 343 1747 effeetus,
371 1686 413 1734 ac
437 1665 573 1748 merita,
598 1688 670 1734 una
698 1688 780 1735 cnm
809 1664 951 1748 solatiis,
981 1667 1155 1736 fiuctibus
1184 1689 1226 1738 ao
1249 1690 1329 1760 pro·

185 1781 299 1850 missis
325 1779 506 1864 universis,
524 1803 601 1872 quae
626 1802 690 1851 nos
715 1803 762 1850 ex
779 1782 912 1852 eisdem
937 1791 1000 1852 aut
1022 1783 1243 1875 percipimus,
1265 1793 1328 1856 aut

186 1896 223 1965 in
241 1895 401 1966 futurum
419 1905 660 1988 expectamus.

236 2010 412 2096 Secundo,
441 2011 554 2082 honor
583 2035 624 2084 ac
654 2012 808 2106 dignitas
841 2014 953 2084 crucis
982 2015 1117 2084 nomini
1146 2016 1325 2107 acquisita,
1336 2039 1370 2096 15
1418 2087 1423 2096 ,

185 2128 349 2199 etiamst
372 2129 471 2224 signo
494 2129 616 2212 crucis,
636 2127 692 2197 vel
715 2129 792 2220 ipsa
811 2128 1049 2221 apostolorum
1073 2140 1179 2201 aetate
1197 2133 1327 2224 (neque

185 2246 281 2315 enim
306 2246 521 2316 contrarium
543 2245 681 2316 ostendi
704 2249 838 2338 potest)
864 2247 1165 2318 existimationem
1189 2248 1327 2342 peperit

185 2361 433 2445 honorificam
451 2363 540 2433 adeo
553 2372 595 2434 ut
607 2363 787 2434 christiani
804 2361 900 2434 baud
912 2363 1027 2434 multo
1044 2372 1124 2456 post
1141 2365 1178 2433 in
1191 2365 1327 2436 cunctis

184 2477 381 2548 actionibus
411 2478 482 2550 suis
511 2479 637 2549 eodem
666 2479 719 2548 nti
749 2480 930 2571 coeperint,
960 2501 1003 2549 eo
1037 2480 1113 2572 ipso
1142 2480 1259 2573 palam
1288 2489 1326 2550 et

184 2603 307 2686 aperte
324 2602 495 2666 testatum
511 2596 680 2666 facientes
697 2594 820 2685 (etiam
838 2595 882 2666 ad
907 2605 1088 2688 stuporem
1104 2597 1129 2667 J
1130 2598 1324 2690 udaeorum)
1335 2620 1370 2659 20

185 2731 223 2780 se
240 2711 386 2781 minime
403 2711 468 2782 sibi
486 2711 611 2804 pudori
628 2711 766 2796 ducere,
781 2711 875 2804 quod
893 2711 994 2782 illurn
1015 2721 1246 2806 agnoscerent
1262 2735 1326 2805 pro

184 2823 340 2897 Domino
357 2836 395 2898 et
411 2826 583 2898 salvatore
600 2849 674 2908 sno,
691 2828 752 2919 qui
769 2829 882 2898 crucis
898 2837 1051 2898 mortem
1067 2852 1130 2921 pro
1147 2829 1230 2922 ipsis
1247 2851 1326 2922 per-

185 2942 335 3015 tulisset.
386 2943 508 3037 Atque
525 2945 593 3015 hoe
616 2945 729 3016 crucis
752 2945 892 3038 signum
908 2967 979 3013 non
1003 2945 1108 3015 modo
1124 2945 1200 3038 ipsi,
1218 2945 1325 3036 idque

183 3083 267 3130 eum
285 3061 520 3132 ostentatione
538 3060 699 3152 quadam,
720 3058 881 3130 solebant
901 3059 1079 3144 adbibere,
1100 3063 1238 3153 quoties
1259 3060 1325 3131 Ju-

129 3251 132 3260 ,
184 3177 268 3248 daeis
292 3177 420 3270 passim
446 3185 678 3260 occurrerent,
705 3176 766 3246 sed
794 3183 832 3246 et
857 3175 984 3248 liberos
1014 3200 1105 3259 suos,
1133 3200 1214 3248 cum
1240 3177 1367 3270 bap-25

184 3295 338 3365 tismatis
354 3316 445 3386 aqua
461 3292 698 3374 abluerentur,
716 3291 843 3362 eodem
859 3293 987 3387 signari
1005 3293 1192 3377 faciebant,
1205 3303 1247 3363 ut
1264 3316 1324 3365 eos

102 3393 108 3400 ¹
185 3434 250 3503 per
274 3411 387 3481 crucis
412 3408 610 3503 symbolum
635 3408 729 3480 illius
756 3409 900 3479 servitio
926 3410 1138 3492 dedicarent,
1164 3411 1263 3502 cujus
1287 3409 1325 3479 in

188 3528 366 3620 baptismo
382 3526 512 3598 collata
533 3527 570 3595 in
592 3525 685 3618 ipsos
707 3525 888 3610 beneficia,
906 3527 1018 3598 crucis
1041 3527 1184 3597 nomine
1208 3536 1326 3597 essent

185 3653 456 3737 repraesentata3
486 3651 594 3735 atque
611 3642 699 3714 adeo
715 3642 820 3735 hujus
837 3643 927 3737 signi
943 3644 981 3713 in
996 3643 1171 3737 baptismo
1188 3665 1271 3713 usus
1288 3643 1325 3712 in

185 3764 351 3856 primeva
380 3761 528 3832 ecclesia
555 3769 718 3853 receptus
744 3769 799 3830 est
823 3761 979 3830 unanimi
1006 3781 1188 3842 consensu,
1213 3759 1368 3846 maxi-30

184 3902 314 3971 moque
344 3877 501 3948 omnium
532 3885 606 3947 tam
635 3876 847 3958 Graecorum,
881 3899 986 3968 quam
1022 3875 1230 3946 Latinomm
1262 3895 1323 3965 ap-

186 3992 324 4087 plausu.
376 3989 457 4075 Quo
475 3989 617 4082 quidem
642 3988 761 4060 seculo
785 3988 814 4058 si
837 3989 914 4081 quis
936 3988 1018 4059 huic
1039 3989 1138 4082 signo
1159 4009 1196 4058 se
1217 4007 1324 4078 oppo-

184 4109 322 4192 suisset,
336 4106 532 4178 declaratus
545 4104 774 4200 proculdubio
788 4104 913 4176 fuisset
929 4127 991 4197 pro
1004 4104 1107 4174 hoste
1122 4125 1164 4173 ao
1180 4101 1323 4172 inimico

186 4224 337 4295 nominis
373 4223 495 4306 crucis,
526 4230 563 4292 et
591 4220 738 4315 proinde
767 4222 973 4291 meritorum
1002 4220 1142 4302 Christi,
1173 4240 1323 4311 quorum

184 4341 236 4412 illi
264 4349 396 4412 tessera
421 4349 459 4412 et
486 4340 625 4434 signum
651 4339 740 4410 adeo
766 4336 975 4430 displiceret
1028 4335 1191 4427 Denique
1219 4333 1364 4425 hujus35

628 4457 636 4470 '
727 4471 787 4516 ua
