3140 4972
193 225 301 310 1604]
420 225 637 291 &mutulam
651 225 718 289 aud
736 227 857 290 uanam
872 223 1113 290 Ecclesiastical.
1265 222 1329 291 173

191 400 412 494 precationes
438 403 654 486 recitantur;
690 423 772 473 cum
797 409 918 472 autem
941 401 1024 473 fidei
1051 397 1250 495 symbolum
1277 419 1332 468 re-

192 524 366 600 censetur,
394 517 540 590 stabunt
564 525 684 589 erecto
711 539 865 611 corpore,
885 517 994 609 juxta
1018 515 1157 609 regulas
1179 515 1216 584 in
1240 512 1331 583 libro

191 630 342 724 publicae
371 632 522 728 liturgiae
555 635 593 705 in
626 655 705 705 eam
738 641 876 726 partem
910 633 1107 725 praefinitas.
1159 627 1333 700 Similiter

192 750 302 822 etiam
324 773 455 822 nomen
472 750 618 823 Domini
634 749 733 834 Jesu,
750 751 888 843 quoties
908 750 1001 822 inter
1018 750 1177 820 divinum
1194 746 1332 818 cultum

192 867 365 952 inciderit,
382 891 537 963 congrua
554 891 595 940 ac
616 868 742 940 humili
767 868 964 938 reverentia
987 867 1033 938 ab
1055 865 1226 938 universis
1252 874 1356 940 sums

191 985 420 1079 prasentibus
437 985 642 1079 excipietur,
656 993 762 1079 prout
779 984 950 1054 hactenus
967 983 1043 1054 fieri
1060 981 1262 1064 consuevit3
1289 987 1333 1051 nt

192 1123 257 1194 per
272 1110 437 1172 externas
457 1101 562 1172 hasce
579 1101 795 1172 ceremonias
811 1109 849 1170 et
868 1107 989 1194 gestus
1010 1107 1177 1170 testatam
1201 1097 1333 1168 faciant

192 1217 369 1288 internam
392 1219 548 1311 ipsomm
568 1216 819 1299 humilitatem,
836 1215 1061 1286 christianam
1087 1215 1331 1296 constantiam,

193 1341 232 1403 et
261 1332 417 1404 debitam
447 1335 674 1428 agnitionem,
701 1332 795 1424 quod
825 1329 1001 1402 Dominus
1024 1330 1130 1403 Jesus
1158 1330 1331 1414 Christus,

193 1473 298 1520 verus
314 1459 352 1520 et
371 1457 521 1521 aetemus
538 1447 608 1520 Dei
631 1449 734 1532 lilius,
751 1449 876 1518 unicus
892 1457 947 1519 est
968 1449 1092 1520 mundi
1116 1447 1376 1530 salvatorium

194 1589 264 1658 quo
297 1566 373 1638 solo
399 1589 532 1650 omnes,
566 1565 822 1649 misericordiae,
851 1567 982 1660 gratiae,
1012 1589 1053 1636 ac
1086 1564 1333 1658 promissiones

193 1682 327 1753 homini
352 1705 375 1754 a
396 1682 476 1754 Deo
501 1681 656 1766 indultae,
685 1690 759 1753 tam
786 1682 822 1752 in
849 1693 1058 1774 praesentem
1081 1683 1202 1764 vitam,
1224 1701 1333 1773 quam

193 1799 359 1883 futuram,
376 1799 522 1894 integrae
539 1808 577 1870 et
598 1801 636 1869 in
654 1807 773 1869 totum
788 1799 1147 1892 comprehenduntur.
1199 1796 1333 1868 Nullus

193 1938 305 2008 porro,
324 1917 564 2009 cujuscunque
583 1917 729 1986 tandem
753 1939 868 1998 sexus,
890 1917 1015 1999 aetatis,
1037 1923 1100 1986 aut
1123 1915 1333 1987 conditionis

193 2032 310 2116 merit,
327 2033 364 2102 in
382 2031 531 2104 ecclesia
546 2042 706 2125 tempore
720 2032 828 2103 divini
845 2032 962 2103 cultus
979 2033 1015 2102 in
1033 2031 1126 2104 aliud
1146 2033 1332 2126 quicquam
1343 2053 1375 2110 15

193 2151 364 2234 intendet,
384 2173 490 2243 quam
513 2159 555 2220 ut
577 2151 697 2243 quiete
720 2149 922 2222 auscultans
944 2150 1078 2233 audiat,
1101 2151 1274 2233 observat,
1291 2173 1334 2221 ac

193 2267 380 2361 intelligat,
410 2267 505 2359 quod
532 2289 554 2336 a
584 2265 746 2335 ministro
773 2265 913 2360 legitur,
940 2267 1158 2358 praedicatur,
1184 2275 1246 2337 aut
1272 2267 1334 2336 ad·

193 2385 435 2468 ministratum
469 2383 572 2476 eique
597 2383 862 2466 confessionem,
888 2384 1084 2454 orationem
1110 2383 1333 2466 dominicam,

193 2512 232 2573 et
257 2501 455 2596 symbolum
478 2501 651 2584 recitanti,
676 2500 770 2571 clara
790 2523 876 2570 voce
899 2499 1104 2583 subserviat,
1130 2499 1269 2592 aliaque
1295 2501 1334 2570 in

193 2618 344 2711 publicis
369 2617 531 2711 precibus
566 2639 731 2710 responsa
755 2617 928 2708 subjiciat,
959 2639 1036 2709 quae
1060 2617 1098 2686 in
1122 2615 1212 2687 libro
1237 2640 1377 2688 com-20

194 2737 311 2806 munis
333 2733 484 2828 liturgiae
500 2735 760 2828 praecipiuntur.
812 2731 945 2805 Nullus
962 2735 1114 2827 denique
1136 2756 1258 2827 preces
1275 2731 1332 2802 vel

194 2853 399 2922 concionem
417 2850 642 2933 ambulando,
655 2858 718 2921 aut
734 2849 928 2944 garriendo,
942 2873 1005 2922 seu
1022 2849 1091 2922 alio
1104 2849 1332 2943 quovismodo

195 2967 443 3062 interpellabit,
457 2965 515 3036 vel
531 2990 577 3037 ex
590 2967 739 3038 ecclesia
755 2974 838 3038 ante
855 2967 996 3040 easdem
1013 2977 1183 3061 peractas,
1200 2966 1332 3059 absque

188 3087 296 3176 justa,
313 3094 376 3156 ant
393 3082 564 3177 probabili
581 3105 686 3154 causa
703 3084 913 3177 egredietur.

196 3333 307 3403 XIX.
324 3329 587 3430 Iulcrlilurpioe
593 3327 743 3426 publica
753 3328 1005 3402 cababmtiouem
1017 3331 1119 3403 otiosi
1131 3328 1172 3402 ab
1185 3327 1376 3402 eeclesiam

593 3446 721 3520 ambitu
737 3447 933 3545 repellendi.

244 3575 431 3674 OEccnomi
455 3599 693 3683 ccclesiamm,
720 3609 758 3670 et
784 3601 1007 3693 inquisitores
1032 3602 1105 3672 sive
1130 3602 1332 3674 assistentes

194 3741 359 3812 personas
382 3717 511 3788 otiosas
533 3739 606 3786 non
622 3716 801 3808 patientur
817 3717 854 3787 in
871 3718 1085 3800 coemeterio,
1103 3716 1160 3786 vel
1177 3716 1332 3788 ecclesiae

195 3835 335 3928 porticu
357 3842 517 3926 tempore
535 3833 645 3903 divini
665 3832 781 3903 cultus
804 3845 867 3903 aut
888 3835 1066 3906 concionis
1084 3835 1252 3934 desidem,
1270 3837 1331 3907 sed

195 3975 255 4023 eos
273 3950 329 4021 vel
347 3950 531 4022 ecclesiam
549 3948 684 4042 ingredi
702 3950 926 4044 compellent,
944 3953 1001 4024 vel
1017 3951 1216 4026 abscedere.
1340 3971 1376 4026 30

256 4215 345 4288 XX.
370 4214 484 4287 Panis
501 4219 666 4290 atticum
683 4219 722 4289 iu
738 4241 849 4290 sucrae
866 4239 970 4290 coenoe
987 4241 1086 4289 usum
1096 4216 1269 4312 parando.

246 4381 495 4456 Parochiarum
517 4386 675 4457 omnium
699 4387 872 4456 oeconomi
891 4384 1067 4476 (consulto
1091 4385 1157 4456 huo
1178 4387 1216 4456 in
1232 4393 1332 4478 parte

195 4503 370 4599 ministro)
381 4503 555 4575 curabunt
568 4504 742 4590 idoneam,
752 4527 815 4598 pro
828 4526 976 4578 numero
986 4502 1331 4585 communicantium,
