3128 4962
177 273 285 360 cca]
567 277 708 346 resa
722 277 931 367 paoem.
1282 269 1325 334 ro
1369 317 1373 322 .

175 450 398 540 poenitentiae
420 475 493 524 non
515 463 571 526 est
592 455 784 552 negandus.
835 455 923 526 Post
939 458 1128 546 acceptum
1150 444 1325 540 Spiritum

177 562 351 637 Sanctum
370 590 557 660 possumus
572 594 595 642 a
612 572 729 666 gratis
747 572 831 644 data
850 569 1024 650 recedere,
1042 573 1150 658 atque
1169 579 1326 655 peecare,

176 681 366 775 denuoque
399 708 463 778 per
494 688 645 782 gmdam
685 685 757 758 Dei
795 707 989 780 resurgere,
1022 704 1065 754 ac
1103 677 1326 772 resipiscere:

177 798 330 891 ideoque
354 799 408 872 illi
432 803 623 876 damnandi
647 817 741 887 suut,
764 803 824 897 qui
850 825 898 884 se,
921 798 1089 895 quamdiu
1113 796 1172 866 hic
1195 793 1327 874 vivant,

177 912 331 1005 amplius
359 939 432 987 non
461 941 564 1010 posse
592 941 740 1012 peccare
773 916 961 998 affirmant,
995 919 1058 986 aut
1091 933 1173 982 vere
1207 905 1351 1000 resilii-5

176 1029 360 1102 scentibus
376 1034 595 1126 poenitentiae
610 1032 730 1105 locum
748 1033 937 1128 denegent.

445 1329 503 1403 De
513 1330 830 1427 predestinatione,
847 1340 880 1404 et
895 1328 1064 1403 electione.

232 1477 500 1552 Pr-aedestinatio
519 1483 565 1553 sd
590 1482 702 1554 vitam
725 1490 780 1554 est
805 1492 979 1554 aeternum
1002 1478 1072 1550 Dei
1092 1473 1323 1571 propositum,

178 1618 252 1686 quo
278 1603 363 1667 ante
389 1597 491 1689 jacta
517 1599 642 1669 mundi
671 1599 912 1683 fundamenta,
942 1620 1005 1670 suo
1038 1592 1195 1676 consilio,
1224 1589 1327 1661 nobis

179 1712 324 1803 quidem
345 1713 495 1798 occulto,
513 1722 717 1786 constanter
736 1715 904 1798 decrevit,
927 1735 998 1797 eos,
1016 1732 1103 1805 quos
1125 1710 1163 1780 in
1183 1705 1325 1778 Christo
1337 1729 1371 1770 ιο

179 1824 292 1920 elegit
308 1851 354 1898 ex
370 1828 557 1901 hominum
572 1854 713 1925 genere,
731 1831 959 1904 amaledicto
976 1838 1014 1900 et
1035 1827 1145 1900 exitio
1167 1824 1326 1905 liberere,

178 1953 289 2036 atque
299 1953 341 2016 ut
358 1969 441 2018 vasa
456 1950 494 2018 in
510 1948 682 2020 honorem
695 1947 812 2020 efficta
827 1971 891 2042 per
901 1947 1083 2019 Christum
1096 1942 1142 2015 ad
1155 1947 1328 2011 eetemam

179 2060 335 2131 salutern
352 2063 539 2136 adducere.
591 2064 698 2136 Unde
715 2066 776 2158 qui
792 2074 868 2137 tam
884 2062 1050 2159 praeelaro
1068 2057 1138 2129 Dei
1154 2055 1327 2127 beneficio

152 2198 159 2210 ·
180 2186 266 2248 sunt
283 2177 414 2264 donati,
428 2181 480 2252 illi
498 2182 633 2277 Spiritu
650 2184 735 2276 ejus,
754 2190 952 2275 opportuno
969 2187 1130 2270 tempore
1147 2177 1327 2267 operante,

178 2293 377 2364 secundum
402 2301 622 2392 propositum
647 2300 723 2392 ejus
748 2305 940 2381 vocantur3
969 2291 1147 2364 vocationi
1171 2311 1235 2383 per
1250 2309 1372 2382 gre-¹5

179 2410 270 2480 tiam
298 2422 445 2503 perent3
468 2415 709 2506 justificantur
743 2414 870 2510 gratis3
906 2413 1120 2504 adoptantur
1148 2407 1186 2477 in
1215 2405 1327 2488 filios3

180 2526 356 2619 unigeniti
381 2526 471 2600 Jesu
494 2529 626 2601 Christi
647 2530 794 2624 imagini
819 2527 1022 2600 efficiuntur
1047 2521 1265 2605 conformem
1288 2519 1328 2588 in

180 2641 285 2713 bonis
301 2645 466 2736 operibus
483 2655 603 2718 sancte
615 2645 819 2728 ambulant;
837 2652 874 2714 et
889 2643 1032 2714 demum
1046 2661 1093 2709 ex
1110 2637 1180 2708 Dei
1191 2633 1328 2707 miseri·

180 2759 304 2830 cordia
318 2761 527 2856 pertingunt
544 2762 589 2833 ad
606 2762 858 2854 sempiternam
874 2757 1093 2830 felicitatem.

233 2875 544 2960 Quemadmodum
561 2875 878 2973 predestinationis
894 2883 933 2946 ct
946 2871 1130 2945 electionis
1145 2876 1273 2940 uostrae
1289 2865 1327 2937 in
1337 2896 1372 2936 ro

181 2991 325 3064 Christo
347 2993 408 3086 pia
428 2996 672 3077 consideratio,
691 2995 813 3078 dulcis,
837 2993 962 3075 suavis,
983 2999 1022 3062 et
1043 2985 1229 3059 ineffabilis
1245 3007 1329 3056 eou-

181 3108 365 3181 solstionis
390 3109 496 3204 plena
520 3122 575 3183 est
599 3136 683 3185 vere
708 3113 783 3206 piis,
810 3119 848 3183 et
874 3110 929 3181 his
954 3108 1012 3202 qui
1040 3106 1199 3178 sentiunt
1226 3104 1264 3173 in
1290 3125 1329 3174 se

181 3227 256 3295 vim
273 3223 427 3318 Spiritus
444 3225 587 3312 Christi,
605 3229 700 3301 facta
722 3227 846 3311 carnis,
864 3235 902 3299 et
924 3224 1095 3307 membra,
1113 3243 1190 3313 quae
1212 3218 1328 3289 adhuc

182 3349 267 3414 sunt
283 3364 389 3435 super
405 3349 546 3427 terram,
563 3345 847 3430 mortificantem,
864 3345 1093 3432 animumque
1110 3339 1155 3409 ad
1173 3335 1330 3408 eoelestia

182 3466 221 3528 et
238 3479 390 3550 superna
406 3460 624 3552 rapientem3
650 3469 728 3530 tum
746 3461 829 3553 quia
844 3459 952 3530 fidem
969 3464 1125 3527 nostram
1137 3454 1181 3525 de
1198 3459 1372 3537 aeterna25
1409 3462 1412 3466 '

182 3573 299 3648 salute
316 3576 564 3670 consequenda
579 3601 643 3670 per
659 3575 840 3648 Christum
857 3575 1050 3670 plurimum
1068 3570 1203 3643 stabilit
1222 3576 1329 3662 atque

174 3691 379 3774 confirmat,
410 3700 488 3762 tum
515 3694 598 3787 quia
623 3717 781 3766 amorem
813 3701 973 3765 nostrum
1007 3691 1044 3760 in
1073 3687 1193 3758 Deum
1222 3684 1330 3756 vehe-

182 3816 324 3878 menter
348 3809 531 3880 accendit:
568 3811 620 3883 ita
646 3808 849 3882 hominibus
878 3807 1033 3892 curiosis,
1057 3803 1264 3886 carnalibus,
1291 3809 1328 3873 et

181 3922 320 4016 Spiritu
338 3921 470 3994 Christi
488 3926 679 4012 destitutis,
696 3927 742 4000 ob
760 3926 880 3998 oculos
902 3930 1074 4018 perpetuo
1092 3920 1220 3992 versari
1241 3939 1329 4012 prae·

181 4039 430 4110 destinationis
448 4039 518 4111 Dei
541 4045 754 4114 sententiam
777 4040 1109 4135 perniciosissimum
1130 4041 1185 4106 est
1204 4033 1373 4127 praeci-30

182 4156 324 4249 pitium,
342 4157 437 4227 unde
449 4156 528 4229 illos
542 4157 700 4231 diabolus
716 4156 902 4253 protrudit,
916 4155 973 4226 vel
985 4155 1024 4226 in
1036 4150 1327 4245 desperationem,

181 4270 240 4342 vel
263 4273 303 4342 in
327 4295 431 4366 aeque
454 4273 684 4366 perniciosam
711 4275 957 4368 impurissimae
980 4271 1062 4342 vitae
1089 4267 1326 4340 securitatem.

182 4386 337 4470 Deinde,
366 4391 612 4481 promissiones
646 4393 781 4463 divinas
816 4391 866 4462 sic
904 4387 1071 4481 amplecti
1106 4390 1256 4476 oportet,
1285 4387 1328 4451 ut

183 4503 287 4575 nobis
304 4503 342 4575 in
359 4503 475 4578 Sacris
493 4505 624 4580 Literis
639 4505 852 4605 generaliter
866 4501 1057 4598 propositae
1074 4507 1178 4584 sunt;
1203 4506 1241 4570 et
1258 4495 1328 4568 Dei
