3140 4972
246 217 309 286 174
464 218 682 282 Caiatitations
696 217 764 282 and
781 219 902 282 Canens
917 217 1159 282 Ecchaaadicad
1330 217 1388 304 [V.¹

243 395 344 486 panis
373 393 535 488 siliginei,
559 395 701 488 vinique
726 395 809 464 boui
836 417 877 466 ac
904 392 1052 464 salubris
1078 395 1325 486 quantitatem,
1348 394 1386 462 in

244 518 386 603 tempus
420 535 525 582 sacrae
558 533 666 582 coenae
700 511 948 604 prestitutum,
978 512 1178 604 sumptibus
1206 509 1386 604 parochia-

244 649 371 696 norum
399 627 616 720 comparari3
654 627 846 718 vinumque
871 626 960 696 illud
984 628 1029 699 ad
1055 650 1213 699 mensam
1237 627 1388 696 Domini.

245 739 359 811 afferri
386 741 424 810 in
451 740 642 832 oenophoro
665 739 788 820 nitido,
815 749 852 810 et
874 741 1019 826 mundo,
1043 763 1156 834 eoque
1182 763 1228 812 ex
1248 749 1385 822 stanno,

226 887 230 896 ·
246 857 274 925 si
293 878 364 926 non
381 879 427 926 ex
444 854 590 925 metallo
607 853 857 947 praestantiore.
1394 877 1411 929 5

360 1152 469 1224 XXI.
497 1152 617 1228 Coenca
633 1153 728 1225 trina
740 1153 915 1250 perceptio
932 1153 1115 1248 quotannis
1132 1152 1272 1224 indicta.

290 1320 333 1390 In
345 1322 506 1392 omnibus
515 1322 620 1415 hujus
630 1321 729 1416 regni
740 1320 894 1392 ecclesiis
905 1319 1172 1414 parochialibus
1180 1345 1221 1392 ac
1233 1321 1386 1414 capellis,

206 1483 209 1494 ·
248 1439 432 1530 inquibus
455 1446 673 1510 sacramenta
697 1448 780 1509 sunt
806 1438 1090 1523 administranda,
1111 1462 1248 1510 coenam
1275 1439 1388 1509 domi·

249 1556 363 1625 nicam
386 1567 573 1637 erectore,
594 1556 731 1638 vicario,
749 1554 806 1624 vel
830 1555 991 1625 ministro
1017 1556 1134 1636 toties,
1161 1555 1273 1647 iisque
1297 1563 1388 1624 tem-

249 1670 392 1762 poribus
409 1669 577 1740 celebrari
590 1670 762 1754 volumus,
775 1680 818 1741 ut
835 1670 1038 1764 parochiani
1055 1670 1182 1766 singuli
1200 1671 1388 1762 quotannis
1398 1699 1434 1739 ιο

249 1797 305 1857 ter
338 1789 382 1858 ad
416 1787 602 1858 minimum
632 1788 856 1878 (nominatim
885 1811 969 1858 vero
998 1788 1036 1858 in
1069 1788 1160 1860 festo
1190 1787 1388 1884 Paschatis)

250 1905 341 1974 siout
366 1905 403 1974 in
429 1904 519 1975 libro
548 1905 697 1997 publicae
727 1905 876 1999 liturgia
900 1907 1083 1998 jubentur,
1114 1907 1248 1998 possint
1278 1928 1390 1977 sacra-

250 2029 412 2093 mentum
435 2021 524 2092 illud
553 2023 744 2116 percipere.
807 2021 952 2093 Proviso
982 2045 1130 2115 semper,
1157 2032 1198 2093 ut
1227 2023 1389 2094 minister

250 2137 399 2230 quilibet
416 2161 549 2208 sacram
566 2137 664 2209 illam
682 2163 818 2210 coenam
829 2139 1145 2224 administraturus,
1158 2141 1233 2233 ipse
1251 2163 1403 2233 semper

249 2255 383 2348 primus
400 2255 649 2326 communicet.
701 2257 850 2350 Insuper
870 2257 984 2348 siquid
1005 2257 1104 2350 panis
1121 2266 1183 2327 aut
1200 2257 1272 2327 vini
1297 2258 1433 2334 inter15

250 2393 358 2442 coenae
383 2368 722 2444 administrationem
744 2371 859 2443 afferri
882 2374 1080 2467 contigerit,
1098 2373 1187 2444 illud
1209 2375 1254 2446 ad
1278 2397 1390 2446 sacra-

251 2487 363 2558 menti
405 2510 509 2557 usum
542 2496 703 2558 vetamus
745 2489 914 2572 adhiberi,
948 2490 1160 2583 priusquam,
1192 2492 1316 2561 eodem
1352 2492 1389 2560 in

206 2661 208 2670 ,
252 2626 373 2674 mensa
384 2603 528 2672 Domini
541 2603 711 2696 apposito,
722 2605 953 2676 institutionis
966 2605 1073 2676 verba
1085 2606 1217 2676 fuerint
1230 2609 1388 2678 recitata.

252 2717 362 2790 Porro
380 2719 487 2789 etiam
505 2718 716 2802 ordinamus,
733 2727 775 2788 ut
800 2720 1046 2792 administrans
1067 2744 1195 2814 panem
1213 2731 1250 2793 et
1267 2722 1409 2792 vinum.

250 2835 398 2929 singulis
421 2836 761 2907 communicantibus
788 2839 976 2929 separatim
1005 2848 1042 2909 et
1068 2862 1130 2931 per
1156 2839 1249 2909 vices
1275 2839 1435 2909 distri-20

252 2952 349 3023 buat.

253 3217 384 3290 XXII.
425 3217 542 3290 Coenoe
567 3218 899 3292 administrationem
922 3219 1070 3293 solennis
1096 3220 1241 3293 indictio
1261 3222 1392 3318 praeire

761 3361 873 3431 sassa

303 3487 395 3557 Cum
417 3487 584 3560 laicorum
608 3491 754 3581 quisque
777 3491 822 3560 ad
847 3513 951 3562 sacrae
974 3515 1082 3562 coenae
1106 3495 1390 3563 communionem

253 3613 308 3674 ter
333 3607 519 3696 quotannis
544 3605 730 3699 obligetur,
753 3605 929 3698 multique
951 3607 1176 3680 nihilosecius
1198 3610 1258 3679 vix
1282 3608 1436 3696 senrel25

253 3723 536 3806 communicent;
574 3725 742 3794 ministris
771 3725 934 3794 omnibus
966 3734 1185 3820 praeceptum
1219 3725 1391 3810 volumus,

253 3847 295 3908 ut
306 3840 590 3932 quotiescunque
613 3849 871 3910 sacramentum
894 3839 982 3910 illud
1006 3842 1182 3913 celebrare
1205 3843 1391 3925 voluerint,

153 3977 154 3982 ¹
206 3981 209 3988 ’
253 3955 472 4047 parochianis
495 3959 566 4027 suis
588 3957 779 4028 solenniter
800 3960 838 4029 in
854 3957 1002 4030 ecclesia
1018 3961 1110 4030 inter
1132 3984 1254 4054 preces
1277 3970 1393 4032 matu·

254 4073 356 4156 tinae,
374 4073 479 4165 idque
496 4075 717 4167 praecedeute
734 4077 791 4147 die
808 4077 984 4148 dominico
1002 4077 1087 4170 (qua
1103 4077 1231 4150 melius
1248 4079 1392 4152 veniant

254 4190 453 4284 praeparati)
471 4191 506 4261 id
530 4191 742 4264 denunciare
759 4219 829 4266 non
853 4197 1040 4280 omittant;
1067 4220 1152 4290 quas
1169 4199 1293 4292 utique
1317 4223 1438 4289 mo-30

254 4306 405 4376 nitioues
431 4307 631 4398 parochiani
657 4311 808 4382 vicissim
835 4313 1020 4405 suscipere,
1044 4337 1086 4384 aa
1111 4315 1245 4386 eisdem
1270 4339 1392 4410 parere
1474 4321 1476 4326 '

255 4421 321 4493 sub
337 4421 493 4514 periculo
511 4431 547 4492 et
564 4446 669 4516 poena
686 4424 772 4521 legis
790 4429 1014 4500 tenebuntur.
