<?xml version="1.0" encoding="UTF-8"?>
<!DOCTYPE html PUBLIC "-//W3C//DTD XHTML 1.0 Transitional//EN"
    "http://www.w3.org/TR/xhtml1/DTD/xhtml1-transitional.dtd">
<html xmlns="http://www.w3.org/1999/xhtml" xml:lang="en" lang="en">
 <head>
  <title>
</title>
<meta http-equiv="Content-Type" content="text/html;charset=utf-8" />
  <meta name='ocr-system' content='tesseract 3.04.00' />
  <meta name='ocr-capabilities' content='ocr_page ocr_carea ocr_par ocr_line ocrx_word'/>
</head>
<body>
  <div class='ocr_page' id='page_1' title='image "./synodaliaacolle00cardgoog_0230.png"; bbox 0 0 3140 4972; ppageno 0'>
   <div class='ocr_carea' id='block_1_1' title="bbox 221 230 1359 326">
    <p class='ocr_par' dir='ltr' id='par_1_1' title="bbox 221 230 1359 326">
     <span class='ocr_line' id='line_1_1' title="bbox 221 230 1359 326; baseline -0.004 -24"><span class='ocrx_word' id='word_1_1' title='bbox 221 237 331 326; x_wconf 79' lang='lat'>1604]</span> <span class='ocrx_word' id='word_1_2' title='bbox 443 234 664 301; x_wconf 73' lang='lat' dir='ltr'>Cmuatutimu</span> <span class='ocrx_word' id='word_1_3' title='bbox 678 233 745 298; x_wconf 81' lang='lat' dir='ltr'>aad</span> <span class='ocrx_word' id='word_1_4' title='bbox 758 235 884 298; x_wconf 80' lang='lat' dir='ltr'>Conona</span> <span class='ocrx_word' id='word_1_5' title='bbox 899 230 1141 296; x_wconf 73' lang='lat' dir='ltr'>Eccksicstical.</span> <span class='ocrx_word' id='word_1_6' title='bbox 1295 232 1359 298; x_wconf 78' lang='lat'>185</span> 
     </span>
    </p>
   </div>
   <div class='ocr_carea' id='block_1_2' title="bbox 218 405 1361 856">
    <p class='ocr_par' dir='ltr' id='par_1_2' title="bbox 218 405 1361 856">
     <span class='ocr_line' id='line_1_2' title="bbox 218 405 1361 506; baseline -0.002 -24"><span class='ocrx_word' id='word_1_7' title='bbox 218 411 360 506; x_wconf 79' lang='lat' dir='ltr'><strong>peditus</strong></span> <span class='ocrx_word' id='word_1_8' title='bbox 381 411 549 505; x_wconf 83' lang='lat' dir='ltr'>proedicto</span> <span class='ocrx_word' id='word_1_9' title='bbox 572 408 727 482; x_wconf 82' lang='lat' dir='ltr'><strong>examini</strong></span> <span class='ocrx_word' id='word_1_10' title='bbox 748 429 872 478; x_wconf 80' lang='lat' dir='ltr'>vacare</span> <span class='ocrx_word' id='word_1_11' title='bbox 894 415 1057 500; x_wconf 78' lang='lat' dir='ltr'>nequeat,</span> <span class='ocrx_word' id='word_1_12' title='bbox 1078 405 1168 476; x_wconf 92' lang='lat' dir='ltr'>illud</span> <span class='ocrx_word' id='word_1_13' title='bbox 1191 413 1311 478; x_wconf 87' lang='lat' dir='ltr'>tamen</span> <span class='ocrx_word' id='word_1_14' title='bbox 1338 431 1361 480; x_wconf 88' lang='lat' dir='ltr'>a</span> 
     </span>
     <span class='ocr_line' id='line_1_3' title="bbox 219 521 1359 622; baseline -0.003 -24"><span class='ocrx_word' id='word_1_15' title='bbox 219 529 373 622; x_wconf 85' lang='lat' dir='ltr'>praefatis</span> <span class='ocrx_word' id='word_1_16' title='bbox 384 529 553 599; x_wconf 87' lang='lat' dir='ltr'>ministris</span> <span class='ocrx_word' id='word_1_17' title='bbox 566 526 702 598; x_wconf 88' lang='lat' dir='ltr'>solicite</span> <span class='ocrx_word' id='word_1_18' title='bbox 714 524 790 594; x_wconf 85' lang='lat' dir='ltr'>ficri</span> <span class='ocrx_word' id='word_1_19' title='bbox 803 522 1014 616; x_wconf 82' lang='lat' dir='ltr'>procurabit.</span> <span class='ocrx_word' id='word_1_20' title='bbox 1054 521 1198 594; x_wconf 82' lang='lat' dir='ltr'>Proviso</span> <span class='ocrx_word' id='word_1_21' title='bbox 1211 546 1359 618; x_wconf 84' lang='lat' dir='ltr'>semper,</span> 
     </span>
     <span class='ocr_line' id='line_1_4' title="bbox 218 640 1361 738; baseline -0.006 -22"><span class='ocrx_word' id='word_1_22' title='bbox 218 653 262 716; x_wconf 91' lang='lat' dir='ltr'>ut</span> <span class='ocrx_word' id='word_1_23' title='bbox 289 646 349 736; x_wconf 91' lang='lat' dir='ltr'>qui</span> <span class='ocrx_word' id='word_1_24' title='bbox 369 645 533 738; x_wconf 91' lang='lat' dir='ltr'>episcopo</span> <span class='ocrx_word' id='word_1_25' title='bbox 557 644 594 712; x_wconf 93' lang='lat' dir='ltr'>in</span> <span class='ocrx_word' id='word_1_26' title='bbox 620 643 717 712; x_wconf 87' lang='lat' dir='ltr'>dicta</span> <span class='ocrx_word' id='word_1_27' title='bbox 741 640 1013 722; x_wconf 79' lang='lat' dir='ltr'>examinatione,</span> <span class='ocrx_word' id='word_1_28' title='bbox 1039 647 1078 710; x_wconf 88' lang='lat' dir='ltr'>et</span> <span class='ocrx_word' id='word_1_29' title='bbox 1102 663 1273 710; x_wconf 91' lang='lat' dir='ltr'>manuum</span> <span class='ocrx_word' id='word_1_30' title='bbox 1294 641 1361 710; x_wconf 92' lang='lat' dir='ltr'>im-</span> 
     </span>
     <span class='ocr_line' id='line_1_5' title="bbox 219 754 1361 856; baseline -0.004 -25"><span class='ocrx_word' id='word_1_31' title='bbox 219 763 394 856; x_wconf 85' lang='lat' dir='ltr'>positione</span> <span class='ocrx_word' id='word_1_32' title='bbox 422 760 545 830; x_wconf 85' lang='lat' dir='ltr'>adesse</span> <span class='ocrx_word' id='word_1_33' title='bbox 575 758 738 838; x_wconf 85' lang='lat' dir='ltr'>debeant,</span> <span class='ocrx_word' id='word_1_34' title='bbox 764 755 808 824; x_wconf 92' lang='lat' dir='ltr'>de</span> <span class='ocrx_word' id='word_1_35' title='bbox 843 755 950 846; x_wconf 77' lang='lat' dir='ltr'>ipsius</span> <span class='ocrx_word' id='word_1_36' title='bbox 985 754 1177 826; x_wconf 85' lang='lat' dir='ltr'>cathedrali</span> <span class='ocrx_word' id='word_1_37' title='bbox 1211 755 1361 828; x_wconf 84' lang='lat' dir='ltr'>ecclesia</span> 
     </span>
    </p>
   </div>
   <div class='ocr_carea' id='block_1_3' title="bbox 216 868 1403 1764">
    <p class='ocr_par' dir='ltr' id='par_1_3' title="bbox 216 868 1403 1764">
     <span class='ocr_line' id='line_1_6' title="bbox 220 868 1385 968; baseline -0.004 -19"><span class='ocrx_word' id='word_1_38' title='bbox 220 879 378 949; x_wconf 83' lang='lat' dir='ltr'>existant</span> <span class='ocrx_word' id='word_1_39' title='bbox 396 875 582 968; x_wconf 91' lang='lat' dir='ltr'>(siquidem</span> <span class='ocrx_word' id='word_1_40' title='bbox 600 894 723 944; x_wconf 89' lang='lat' dir='ltr'>eorum</span> <span class='ocrx_word' id='word_1_41' title='bbox 740 868 890 941; x_wconf 77' lang='lat' dir='ltr'>facultas</span> <span class='ocrx_word' id='word_1_42' title='bbox 906 869 1061 962; x_wconf 87' lang='lat' dir='ltr'>dubitur)</span> <span class='ocrx_word' id='word_1_43' title='bbox 1079 871 1209 965; x_wconf 89' lang='lat' dir='ltr'>alioqui</span> <span class='ocrx_word' id='word_1_44' title='bbox 1226 882 1298 944; x_wconf 87' lang='lat' dir='ltr'>tres</span> <span class='ocrx_word' id='word_1_45' title='bbox 1314 875 1385 952; x_wconf 78' lang='lat' dir='ltr'>ads</span> 
     </span>
     <span class='ocr_line' id='line_1_7' title="bbox 218 988 1359 1064; baseline 0 0"><span class='ocrx_word' id='word_1_46' title='bbox 218 995 336 1064; x_wconf 90' lang='lat' dir='ltr'>minus</span> <span class='ocrx_word' id='word_1_47' title='bbox 348 992 466 1063; x_wconf 88' lang='lat' dir='ltr'>idonei</span> <span class='ocrx_word' id='word_1_48' title='bbox 485 991 747 1062; x_wconf 87' lang='lat' dir='ltr'>concionatores</span> <span class='ocrx_word' id='word_1_49' title='bbox 760 1009 806 1058; x_wconf 85' lang='lat' dir='ltr'>ex</span> <span class='ocrx_word' id='word_1_50' title='bbox 817 988 940 1057; x_wconf 86' lang='lat' dir='ltr'>cadem</span> <span class='ocrx_word' id='word_1_51' title='bbox 952 989 1094 1059; x_wconf 89' lang='lat' dir='ltr'>dioecesi</span> <span class='ocrx_word' id='word_1_52' title='bbox 1111 989 1359 1064; x_wconf 90' lang='lat' dir='ltr'>adsciscantur.</span> 
     </span>
     <span class='ocr_line' id='line_1_8' title="bbox 221 1103 1360 1202; baseline -0.003 -22"><span class='ocrx_word' id='word_1_53' title='bbox 221 1109 327 1194; x_wconf 83' lang='lat' dir='ltr'>Quod</span> <span class='ocrx_word' id='word_1_54' title='bbox 344 1111 373 1180; x_wconf 88' lang='lat' dir='ltr'>si</span> <span class='ocrx_word' id='word_1_55' title='bbox 394 1110 472 1201; x_wconf 93' lang='lat' dir='ltr'>quis</span> <span class='ocrx_word' id='word_1_56' title='bbox 489 1108 672 1202; x_wconf 89' lang='lat' dir='ltr'>episcopus</span> <span class='ocrx_word' id='word_1_57' title='bbox 689 1103 746 1176; x_wconf 87' lang='lat' dir='ltr'>vel</span> <span class='ocrx_word' id='word_1_58' title='bbox 769 1103 1007 1197; x_wconf 84' lang='lat' dir='ltr'>suffraganeus</span> <span class='ocrx_word' id='word_1_59' title='bbox 1028 1106 1066 1174; x_wconf 91' lang='lat' dir='ltr'>in</span> <span class='ocrx_word' id='word_1_60' title='bbox 1089 1111 1204 1177; x_wconf 89' lang='lat' dir='ltr'>sacros</span> <span class='ocrx_word' id='word_1_61' title='bbox 1221 1107 1360 1178; x_wconf 89' lang='lat' dir='ltr'>ordines</span> 
     </span>
     <span class='ocr_line' id='line_1_9' title="bbox 218 1219 1359 1320; baseline -0.002 -24"><span class='ocrx_word' id='word_1_62' title='bbox 218 1227 423 1320; x_wconf 89' lang='lat' dir='ltr'>quempiam</span> <span class='ocrx_word' id='word_1_63' title='bbox 441 1225 516 1295; x_wconf 89' lang='lat' dir='ltr'>siue</span> <span class='ocrx_word' id='word_1_64' title='bbox 532 1223 706 1316; x_wconf 83' lang='lat' dir='ltr'>praedictis</span> <span class='ocrx_word' id='word_1_65' title='bbox 723 1219 962 1313; x_wconf 88' lang='lat' dir='ltr'>qualitatibus,</span> <span class='ocrx_word' id='word_1_66' title='bbox 979 1222 1148 1314; x_wconf 88' lang='lat' dir='ltr'>autjusto</span> <span class='ocrx_word' id='word_1_67' title='bbox 1166 1221 1223 1312; x_wconf 81' lang='lat' dir='ltr'>(ut</span> <span class='ocrx_word' id='word_1_68' title='bbox 1240 1226 1359 1317; x_wconf 89' lang='lat' dir='ltr'>supra)</span> 
     </span>
     <span class='ocr_line' id='line_1_10' title="bbox 216 1337 1357 1434; baseline -0.002 -22"><span class='ocrx_word' id='word_1_69' title='bbox 216 1343 379 1413; x_wconf 90' lang='lat' dir='ltr'>examine</span> <span class='ocrx_word' id='word_1_70' title='bbox 402 1341 584 1434; x_wconf 90' lang='lat' dir='ltr'>cooptarit‚</span> <span class='ocrx_word' id='word_1_71' title='bbox 606 1361 670 1430; x_wconf 89' lang='lat' dir='ltr'>per</span> <span class='ocrx_word' id='word_1_72' title='bbox 688 1337 875 1429; x_wconf 85' lang='lat' dir='ltr'>provinciae</span> <span class='ocrx_word' id='word_1_73' title='bbox 895 1361 966 1408; x_wconf 84' lang='lat' dir='ltr'>suae</span> <span class='ocrx_word' id='word_1_74' title='bbox 989 1338 1292 1432; x_wconf 89' lang='lat' dir='ltr'>archiepiscopum</span> <span class='ocrx_word' id='word_1_75' title='bbox 1314 1363 1357 1410; x_wconf 88' lang='lat' dir='ltr'>ea</span> 
     </span>
     <span class='ocr_line' id='line_1_11' title="bbox 217 1454 1403 1550; baseline -0.006 -21"><span class='ocrx_word' id='word_1_76' title='bbox 217 1459 263 1530; x_wconf 85' lang='lat' dir='ltr'>de</span> <span class='ocrx_word' id='word_1_77' title='bbox 287 1481 326 1528; x_wconf 89' lang='lat' dir='ltr'>rc</span> <span class='ocrx_word' id='word_1_78' title='bbox 348 1459 534 1529; x_wconf 87' lang='lat' dir='ltr'>certiorem</span> <span class='ocrx_word' id='word_1_79' title='bbox 559 1455 703 1536; x_wconf 84' lang='lat' dir='ltr'>facturn,</span> <span class='ocrx_word' id='word_1_80' title='bbox 727 1454 902 1525; x_wconf 88' lang='lat' dir='ltr'>assidente</span> <span class='ocrx_word' id='word_1_81' title='bbox 927 1479 998 1525; x_wconf 89' lang='lat' dir='ltr'>uuo</span> <span class='ocrx_word' id='word_1_82' title='bbox 1022 1454 1091 1525; x_wconf 90' lang='lat' dir='ltr'>alio</span> <span class='ocrx_word' id='word_1_83' title='bbox 1116 1457 1290 1550; x_wconf 89' lang='lat' dir='ltr'>episcopo,</span> <span class='ocrx_word' id='word_1_84' title='bbox 1313 1457 1359 1527; x_wconf 87' lang='lat' dir='ltr'>ab</span> <span class='ocrx_word' id='word_1_85' title='bbox 1370 1483 1403 1523; x_wconf 86' lang='grc' dir='ltr'>ιο</span> 
     </span>
     <span class='ocr_line' id='line_1_12' title="bbox 219 1571 1360 1668; baseline -0.002 -22"><span class='ocrx_word' id='word_1_86' title='bbox 219 1577 316 1646; x_wconf 90' lang='lat' dir='ltr'>omni</span> <span class='ocrx_word' id='word_1_87' title='bbox 337 1576 476 1646; x_wconf 89' lang='lat' dir='ltr'>ordines</span> <span class='ocrx_word' id='word_1_88' title='bbox 497 1571 700 1645; x_wconf 85' lang='lat' dir='ltr'>conferendi</span> <span class='ocrx_word' id='word_1_89' title='bbox 722 1579 900 1665; x_wconf 88' lang='lat' dir='ltr'>potestate</span> <span class='ocrx_word' id='word_1_90' title='bbox 921 1572 957 1642; x_wconf 91' lang='lat' dir='ltr'>in</span> <span class='ocrx_word' id='word_1_91' title='bbox 977 1574 1154 1668; x_wconf 84' lang='lat' dir='ltr'>integrum</span> <span class='ocrx_word' id='word_1_92' title='bbox 1176 1573 1360 1644; x_wconf 90' lang='lat' dir='ltr'>biennium</span> 
     </span>
     <span class='ocr_line' id='line_1_13' title="bbox 219 1690 430 1764; baseline -0.005 0"><span class='ocrx_word' id='word_1_93' title='bbox 219 1690 430 1764; x_wconf 82' lang='lat' dir='ltr'>secludetur.</span> 
     </span>
    </p>
   </div>
   <div class='ocr_carea' id='block_1_4' title="bbox 219 1927 1360 2141">
    <p class='ocr_par' dir='ltr' id='par_1_4' title="bbox 219 1927 1360 2141">
     <span class='ocr_line' id='line_1_14' title="bbox 219 1927 1360 2024; baseline 0 -22"><span class='ocrx_word' id='word_1_94' title='bbox 219 1929 411 2004; x_wconf 91' lang='lat' dir='ltr'><strong>XXXVI.</strong></span> <span class='ocrx_word' id='word_1_95' title='bbox 441 1929 631 2014; x_wconf 79' lang='lat' dir='ltr'>Neminem,</span> <span class='ocrx_word' id='word_1_96' title='bbox 654 1928 725 1999; x_wconf 76' lang='lat' dir='ltr'>uisi</span> <span class='ocrx_word' id='word_1_97' title='bbox 744 1927 880 2024; x_wconf 80' lang='lat' dir='ltr'>praeoic</span> <span class='ocrx_word' id='word_1_98' title='bbox 901 1928 1008 1999; x_wconf 79' lang='lat' dir='ltr'>trium</span> <span class='ocrx_word' id='word_1_99' title='bbox 1031 1927 1256 2002; x_wconf 78' lang='lat' dir='ltr'>articulorum</span> <span class='ocrx_word' id='word_1_100' title='bbox 1282 1927 1360 2002; x_wconf 84' lang='lat' dir='ltr'>sub·</span> 
     </span>
     <span class='ocr_line' id='line_1_15' title="bbox 559 2041 1016 2141; baseline -0.007 -24"><span class='ocrx_word' id='word_1_101' title='bbox 559 2046 754 2141; x_wconf 81' lang='lat' dir='ltr'>scriptione,</span> <span class='ocrx_word' id='word_1_102' title='bbox 772 2041 1016 2115; x_wconf 83' lang='lat' dir='ltr'>ordinandum.</span> 
     </span>
    </p>
   </div>
   <div class='ocr_carea' id='block_1_5' title="bbox 217 2192 1402 3690">
    <p class='ocr_par' dir='ltr' id='par_1_5' title="bbox 217 2192 1402 3573">
     <span class='ocr_line' id='line_1_16' title="bbox 267 2192 1402 2288; baseline -0.004 -20"><span class='ocrx_word' id='word_1_103' title='bbox 267 2196 387 2268; x_wconf 90' lang='lat' dir='ltr'>Nemo</span> <span class='ocrx_word' id='word_1_104' title='bbox 416 2197 461 2268; x_wconf 90' lang='lat' dir='ltr'>ad</span> <span class='ocrx_word' id='word_1_105' title='bbox 491 2219 605 2268; x_wconf 87' lang='lat' dir='ltr'>sacros</span> <span class='ocrx_word' id='word_1_106' title='bbox 635 2194 783 2276; x_wconf 89' lang='lat' dir='ltr'>ordines,</span> <span class='ocrx_word' id='word_1_107' title='bbox 814 2192 872 2263; x_wconf 84' lang='lat' dir='ltr'>vel</span> <span class='ocrx_word' id='word_1_108' title='bbox 905 2192 1183 2265; x_wconf 85' lang='lat' dir='ltr'>ecclesiasticum</span> <span class='ocrx_word' id='word_1_109' title='bbox 1213 2194 1355 2288; x_wconf 90' lang='lat' dir='ltr'>aliquod</span> <span class='ocrx_word' id='word_1_110' title='bbox 1370 2223 1402 2281; x_wconf 88' lang='lat'>15</span> 
     </span>
     <span class='ocr_line' id='line_1_17' title="bbox 217 2309 1359 2408; baseline -0.002 -23"><span class='ocrx_word' id='word_1_111' title='bbox 217 2313 430 2385; x_wconf 88' lang='lat' dir='ltr'>beneficium</span> <span class='ocrx_word' id='word_1_112' title='bbox 450 2339 514 2408; x_wconf 90' lang='lat' dir='ltr'>per</span> <span class='ocrx_word' id='word_1_113' title='bbox 529 2313 788 2384; x_wconf 88' lang='lat' dir='ltr'>institutionem</span> <span class='ocrx_word' id='word_1_114' title='bbox 806 2319 869 2380; x_wconf 90' lang='lat' dir='ltr'>aut</span> <span class='ocrx_word' id='word_1_115' title='bbox 885 2309 1120 2395; x_wconf 89' lang='lat' dir='ltr'>collationem,</span> <span class='ocrx_word' id='word_1_116' title='bbox 1140 2311 1196 2383; x_wconf 86' lang='lat' dir='ltr'>vel</span> <span class='ocrx_word' id='word_1_117' title='bbox 1213 2313 1257 2382; x_wconf 91' lang='lat' dir='ltr'>ad</span> <span class='ocrx_word' id='word_1_118' title='bbox 1275 2337 1359 2384; x_wconf 91' lang='lat' dir='ltr'>cou-</span> 
     </span>
     <span class='ocr_line' id='line_1_18' title="bbox 218 2425 1356 2524; baseline -0.003 -23"><span class='ocrx_word' id='word_1_119' title='bbox 218 2430 415 2513; x_wconf 88' lang='lat' dir='ltr'>cionatoris,</span> <span class='ocrx_word' id='word_1_120' title='bbox 435 2429 655 2524; x_wconf 71' lang='lat' dir='ltr'>praelectoris,</span> <span class='ocrx_word' id='word_1_121' title='bbox 675 2435 737 2498; x_wconf 90' lang='lat' dir='ltr'>aut</span> <span class='ocrx_word' id='word_1_122' title='bbox 754 2425 954 2496; x_wconf 86' lang='lat' dir='ltr'>catechistae</span> <span class='ocrx_word' id='word_1_123' title='bbox 973 2450 1102 2498; x_wconf 91' lang='lat' dir='ltr'>munus</span> <span class='ocrx_word' id='word_1_124' title='bbox 1119 2430 1356 2500; x_wconf 87' lang='lat' dir='ltr'>exercendum</span> 
     </span>
     <span class='ocr_line' id='line_1_19' title="bbox 218 2543 1357 2640; baseline 0 -24"><span class='ocrx_word' id='word_1_125' title='bbox 218 2547 292 2616; x_wconf 89' lang='lat' dir='ltr'>sive</span> <span class='ocrx_word' id='word_1_126' title='bbox 309 2548 346 2616; x_wconf 93' lang='lat' dir='ltr'>in</span> <span class='ocrx_word' id='word_1_127' title='bbox 362 2545 532 2617; x_wconf 90' lang='lat' dir='ltr'>alterutra</span> <span class='ocrx_word' id='word_1_128' title='bbox 548 2545 736 2626; x_wconf 87' lang='lat' dir='ltr'>academia,</span> <span class='ocrx_word' id='word_1_129' title='bbox 750 2543 823 2613; x_wconf 90' lang='lat' dir='ltr'>sive</span> <span class='ocrx_word' id='word_1_130' title='bbox 840 2545 876 2612; x_wconf 92' lang='lat' dir='ltr'>in</span> <span class='ocrx_word' id='word_1_131' title='bbox 889 2543 1081 2614; x_wconf 87' lang='lat' dir='ltr'>cathedrali</span> <span class='ocrx_word' id='word_1_132' title='bbox 1094 2545 1152 2615; x_wconf 87' lang='lat' dir='ltr'>vel</span> <span class='ocrx_word' id='word_1_133' title='bbox 1169 2545 1357 2640; x_wconf 82' lang='lat' dir='ltr'>collegiata</span> 
     </span>
     <span class='ocr_line' id='line_1_20' title="bbox 218 2658 1356 2755; baseline 0.001 -23"><span class='ocrx_word' id='word_1_134' title='bbox 218 2661 336 2755; x_wconf 90' lang='lat' dir='ltr'>aliqua</span> <span class='ocrx_word' id='word_1_135' title='bbox 360 2661 516 2746; x_wconf 87' lang='lat' dir='ltr'>ecclesia,</span> <span class='ocrx_word' id='word_1_136' title='bbox 533 2663 606 2733; x_wconf 89' lang='lat' dir='ltr'>sive</span> <span class='ocrx_word' id='word_1_137' title='bbox 631 2662 668 2731; x_wconf 90' lang='lat' dir='ltr'>in</span> <span class='ocrx_word' id='word_1_138' title='bbox 693 2658 781 2730; x_wconf 85' lang='lat' dir='ltr'>urba</span> <span class='ocrx_word' id='word_1_139' title='bbox 801 2667 864 2728; x_wconf 92' lang='lat' dir='ltr'>aut</span> <span class='ocrx_word' id='word_1_140' title='bbox 889 2659 1018 2751; x_wconf 91' lang='lat' dir='ltr'>oppido</span> <span class='ocrx_word' id='word_1_141' title='bbox 1044 2663 1263 2744; x_wconf 88' lang='lat' dir='ltr'>mercatorio,</span> <span class='ocrx_word' id='word_1_142' title='bbox 1281 2663 1356 2733; x_wconf 86' lang='lat' dir='ltr'>sive</span> 
     </span>
     <span class='ocr_line' id='line_1_21' title="bbox 218 2773 1401 2873; baseline 0.004 -25"><span class='ocrx_word' id='word_1_143' title='bbox 218 2781 255 2849; x_wconf 91' lang='lat' dir='ltr'>in</span> <span class='ocrx_word' id='word_1_144' title='bbox 275 2779 465 2872; x_wconf 87' lang='lat' dir='ltr'>parochiali</span> <span class='ocrx_word' id='word_1_145' title='bbox 489 2777 636 2850; x_wconf 89' lang='lat' dir='ltr'>ecclesia</span> <span class='ocrx_word' id='word_1_146' title='bbox 658 2776 715 2846; x_wconf 89' lang='lat' dir='ltr'>vel</span> <span class='ocrx_word' id='word_1_147' title='bbox 738 2773 883 2868; x_wconf 90' lang='lat' dir='ltr'>capella,</span> <span class='ocrx_word' id='word_1_148' title='bbox 902 2775 959 2847; x_wconf 87' lang='lat' dir='ltr'>vel</span> <span class='ocrx_word' id='word_1_149' title='bbox 983 2775 1052 2847; x_wconf 91' lang='lat' dir='ltr'>alio</span> <span class='ocrx_word' id='word_1_150' title='bbox 1076 2778 1227 2871; x_wconf 92' lang='lat' dir='ltr'>denique</span> <span class='ocrx_word' id='word_1_151' title='bbox 1252 2777 1357 2873; x_wconf 84' lang='lat' dir='ltr'>hujus</span> <span class='ocrx_word' id='word_1_152' title='bbox 1366 2815 1401 2852; x_wconf 73' lang='grc' dir='ltr'>ιο</span> 
     </span>
     <span class='ocr_line' id='line_1_22' title="bbox 218 2894 1358 2990; baseline 0.001 -25"><span class='ocrx_word' id='word_1_153' title='bbox 218 2896 318 2990; x_wconf 84' lang='lat' dir='ltr'>regni</span> <span class='ocrx_word' id='word_1_154' title='bbox 344 2895 422 2966; x_wconf 92' lang='lat' dir='ltr'>loco</span> <span class='ocrx_word' id='word_1_155' title='bbox 447 2894 613 2988; x_wconf 88' lang='lat' dir='ltr'>deinceps</span> <span class='ocrx_word' id='word_1_156' title='bbox 638 2895 856 2975; x_wconf 86' lang='lat' dir='ltr'>admittetur,</span> <span class='ocrx_word' id='word_1_157' title='bbox 882 2894 949 2964; x_wconf 89' lang='lat' dir='ltr'>nisi</span> <span class='ocrx_word' id='word_1_158' title='bbox 973 2896 1070 2986; x_wconf 87' lang='lat' dir='ltr'>prius</span> <span class='ocrx_word' id='word_1_159' title='bbox 1092 2894 1149 2965; x_wconf 87' lang='lat' dir='ltr'>vel</span> <span class='ocrx_word' id='word_1_160' title='bbox 1174 2897 1219 2967; x_wconf 92' lang='lat' dir='ltr'>ab</span> <span class='ocrx_word' id='word_1_161' title='bbox 1246 2896 1358 2968; x_wconf 89' lang='lat' dir='ltr'>archi-</span> 
     </span>
     <span class='ocr_line' id='line_1_23' title="bbox 219 3010 1356 3106; baseline 0.001 -24"><span class='ocrx_word' id='word_1_162' title='bbox 219 3014 394 3106; x_wconf 90' lang='lat' dir='ltr'>episcopo,</span> <span class='ocrx_word' id='word_1_163' title='bbox 411 3011 468 3082; x_wconf 87' lang='lat' dir='ltr'>vel</span> <span class='ocrx_word' id='word_1_164' title='bbox 485 3013 649 3106; x_wconf 88' lang='lat' dir='ltr'>episcopo</span> <span class='ocrx_word' id='word_1_165' title='bbox 666 3011 741 3102; x_wconf 87' lang='lat' dir='ltr'>ejus</span> <span class='ocrx_word' id='word_1_166' title='bbox 759 3010 958 3093; x_wconf 83' lang='lat' dir='ltr'>dioeceseos,</span> <span class='ocrx_word' id='word_1_167' title='bbox 976 3011 1013 3079; x_wconf 92' lang='lat' dir='ltr'>in</span> <span class='ocrx_word' id='word_1_168' title='bbox 1030 3033 1099 3102; x_wconf 91' lang='lat' dir='ltr'>qua</span> <span class='ocrx_word' id='word_1_169' title='bbox 1116 3021 1171 3082; x_wconf 88' lang='lat' dir='ltr'>est</span> <span class='ocrx_word' id='word_1_170' title='bbox 1187 3012 1356 3096; x_wconf 88' lang='lat' dir='ltr'>victurus,</span> 
     </span>
     <span class='ocr_line' id='line_1_24' title="bbox 219 3125 1358 3200; baseline -0.001 0"><span class='ocrx_word' id='word_1_171' title='bbox 219 3130 276 3200; x_wconf 81' lang='lat' dir='ltr'>vel</span> <span class='ocrx_word' id='word_1_172' title='bbox 293 3130 338 3200; x_wconf 89' lang='lat' dir='ltr'>ab</span> <span class='ocrx_word' id='word_1_173' title='bbox 355 3129 467 3200; x_wconf 88' lang='lat' dir='ltr'>altera</span> <span class='ocrx_word' id='word_1_174' title='bbox 483 3130 742 3200; x_wconf 86' lang='lat' dir='ltr'>academiarum</span> <span class='ocrx_word' id='word_1_175' title='bbox 758 3125 937 3198; x_wconf 89' lang='lat' dir='ltr'>licentiam</span> <span class='ocrx_word' id='word_1_176' title='bbox 956 3136 992 3197; x_wconf 91' lang='lat' dir='ltr'>et</span> <span class='ocrx_word' id='word_1_177' title='bbox 1010 3127 1216 3200; x_wconf 86' lang='lat' dir='ltr'>facultatem</span> <span class='ocrx_word' id='word_1_178' title='bbox 1234 3153 1358 3200; x_wconf 87' lang='lat' dir='ltr'>earun-</span> 
     </span>
     <span class='ocr_line' id='line_1_25' title="bbox 220 3243 1356 3339; baseline -0.001 -22"><span class='ocrx_word' id='word_1_179' title='bbox 220 3248 302 3317; x_wconf 90' lang='lat' dir='ltr'>dem</span> <span class='ocrx_word' id='word_1_180' title='bbox 330 3245 653 3339; x_wconf 87' lang='lat' dir='ltr'>subscriptionibus,</span> <span class='ocrx_word' id='word_1_181' title='bbox 682 3253 720 3314; x_wconf 90' lang='lat' dir='ltr'>et</span> <span class='ocrx_word' id='word_1_182' title='bbox 750 3243 871 3338; x_wconf 86' lang='lat' dir='ltr'>sigillis</span> <span class='ocrx_word' id='word_1_183' title='bbox 900 3247 1075 3315; x_wconf 88' lang='lat' dir='ltr'>munitam</span> <span class='ocrx_word' id='word_1_184' title='bbox 1105 3247 1356 3338; x_wconf 84' lang='lat' dir='ltr'>impetraverit,</span> 
     </span>
     <span class='ocr_line' id='line_1_26' title="bbox 218 3361 1401 3456; baseline -0.003 -24"><span class='ocrx_word' id='word_1_185' title='bbox 218 3363 401 3454; x_wconf 89' lang='lat' dir='ltr'>tribusque</span> <span class='ocrx_word' id='word_1_186' title='bbox 429 3361 656 3454; x_wconf 85' lang='lat' dir='ltr'>sequentibus</span> <span class='ocrx_word' id='word_1_187' title='bbox 689 3361 857 3444; x_wconf 82' lang='lat' dir='ltr'>articulis,</span> <span class='ocrx_word' id='word_1_188' title='bbox 884 3364 992 3432; x_wconf 91' lang='lat' dir='ltr'>modo</span> <span class='ocrx_word' id='word_1_189' title='bbox 1017 3371 1054 3433; x_wconf 88' lang='lat' dir='ltr'>ct</span> <span class='ocrx_word' id='word_1_190' title='bbox 1077 3361 1191 3433; x_wconf 87' lang='lat' dir='ltr'>forma</span> <span class='ocrx_word' id='word_1_191' title='bbox 1213 3387 1234 3434; x_wconf 93' lang='lat' dir='ltr'>a</span> <span class='ocrx_word' id='word_1_192' title='bbox 1255 3364 1401 3456; x_wconf 80' lang='lat' dir='ltr'>nobis25</span> 
     </span>
     <span class='ocr_line' id='line_1_27' title="bbox 219 3477 687 3573; baseline -0.006 -23"><span class='ocrx_word' id='word_1_193' title='bbox 219 3481 408 3573; x_wconf 75' lang='lat' dir='ltr'>praefinitis,</span> <span class='ocrx_word' id='word_1_194' title='bbox 436 3477 687 3571; x_wconf 88' lang='lat' dir='ltr'>subscripserit.</span> 
     </span>
    </p>

    <p class='ocr_par' dir='ltr' id='par_1_6' title="bbox 270 3593 1358 3690">
     <span class='ocr_line' id='line_1_28' title="bbox 270 3593 1358 3690; baseline -0.001 -22"><span class='ocrx_word' id='word_1_195' title='bbox 270 3597 300 3668; x_wconf 94' lang='grc' dir='ltr'>Ι.</span> <span class='ocrx_word' id='word_1_196' title='bbox 327 3596 432 3681; x_wconf 84' lang='lat' dir='ltr'>Quod</span> <span class='ocrx_word' id='word_1_197' title='bbox 456 3597 619 3689; x_wconf 87' lang='lat' dir='ltr'>majestas</span> <span class='ocrx_word' id='word_1_198' title='bbox 641 3594 738 3690; x_wconf 84' lang='lat' dir='ltr'>regia</span> <span class='ocrx_word' id='word_1_199' title='bbox 754 3594 948 3666; x_wconf 89' lang='lat' dir='ltr'>secundum</span> <span class='ocrx_word' id='word_1_200' title='bbox 966 3593 1085 3664; x_wconf 87' lang='lat' dir='ltr'>Deum</span> <span class='ocrx_word' id='word_1_201' title='bbox 1108 3597 1232 3666; x_wconf 88' lang='lat' dir='ltr'>unicus</span> <span class='ocrx_word' id='word_1_202' title='bbox 1249 3605 1303 3667; x_wconf 89' lang='lat' dir='ltr'>est</span> <span class='ocrx_word' id='word_1_203' title='bbox 1320 3607 1358 3668; x_wconf 89' lang='lat' dir='ltr'>et</span> 
     </span>
    </p>
   </div>
   <div class='ocr_carea' id='block_1_6' title="bbox 105 3711 1357 3808">
    <p class='ocr_par' dir='ltr' id='par_1_7' title="bbox 105 3711 1357 3808">
     <span class='ocr_line' id='line_1_29' title="bbox 105 3711 1357 3808; baseline 0 -23"><span class='ocrx_word' id='word_1_204' title='bbox 105 3727 107 3730; x_wconf 82' lang='grc'><strong>’</strong></span> <span class='ocrx_word' id='word_1_205' title='bbox 220 3737 403 3808; x_wconf 88' lang='lat' dir='ltr'>supremus</span> <span class='ocrx_word' id='word_1_206' title='bbox 431 3715 645 3808; x_wconf 86' lang='lat' dir='ltr'>gubernator</span> <span class='ocrx_word' id='word_1_207' title='bbox 673 3711 778 3805; x_wconf 91' lang='lat' dir='ltr'>hujus</span> <span class='ocrx_word' id='word_1_208' title='bbox 807 3714 918 3808; x_wconf 79' lang='lat' dir='ltr'>regui,</span> <span class='ocrx_word' id='word_1_209' title='bbox 950 3713 1178 3806; x_wconf 91' lang='lat' dir='ltr'>omniumque</span> <span class='ocrx_word' id='word_1_210' title='bbox 1208 3713 1357 3785; x_wconf 87' lang='lat' dir='ltr'>aliorum</span> 
     </span>
    </p>
   </div>
   <div class='ocr_carea' id='block_1_7' title="bbox 219 3831 1402 4504">
    <p class='ocr_par' dir='ltr' id='par_1_8' title="bbox 219 3831 1402 4504">
     <span class='ocr_line' id='line_1_30' title="bbox 219 3831 1357 3924; baseline 0.002 -24"><span class='ocrx_word' id='word_1_211' title='bbox 219 3831 328 3924; x_wconf 91' lang='lat' dir='ltr'>ipsius</span> <span class='ocrx_word' id='word_1_212' title='bbox 370 3831 605 3901; x_wconf 90' lang='lat' dir='ltr'>dominiorum</span> <span class='ocrx_word' id='word_1_213' title='bbox 637 3853 679 3901; x_wconf 95' lang='lat' dir='ltr'>ac</span> <span class='ocrx_word' id='word_1_214' title='bbox 713 3831 978 3912; x_wconf 88' lang='lat' dir='ltr'>territoriorum,</span> <span class='ocrx_word' id='word_1_215' title='bbox 1014 3837 1087 3898; x_wconf 88' lang='lat' dir='ltr'>tam</span> <span class='ocrx_word' id='word_1_216' title='bbox 1122 3831 1160 3900; x_wconf 92' lang='lat' dir='ltr'>in</span> <span class='ocrx_word' id='word_1_217' title='bbox 1194 3833 1357 3903; x_wconf 90' lang='lat' dir='ltr'>omuibus</span> 
     </span>
     <span class='ocr_line' id='line_1_31' title="bbox 219 3947 1402 4041; baseline -0.001 -23"><span class='ocrx_word' id='word_1_218' title='bbox 219 3947 458 4041; x_wconf 87' lang='lat' dir='ltr'>spiritualibus</span> <span class='ocrx_word' id='word_1_219' title='bbox 482 3949 554 4018; x_wconf 88' lang='lat' dir='ltr'>sive</span> <span class='ocrx_word' id='word_1_220' title='bbox 578 3947 822 4019; x_wconf 87' lang='lat' dir='ltr'>ecclesiasticis</span> <span class='ocrx_word' id='word_1_221' title='bbox 844 3948 949 4017; x_wconf 87' lang='lat' dir='ltr'>rebus</span> <span class='ocrx_word' id='word_1_222' title='bbox 972 3957 1034 4018; x_wconf 91' lang='lat' dir='ltr'>aut</span> <span class='ocrx_word' id='word_1_223' title='bbox 1051 3948 1173 4031; x_wconf 88' lang='lat' dir='ltr'>causis,</span> <span class='ocrx_word' id='word_1_224' title='bbox 1191 3971 1296 4041; x_wconf 90' lang='lat' dir='ltr'>quam</span> <span class='ocrx_word' id='word_1_225' title='bbox 1319 3951 1356 4020; x_wconf 92' lang='lat' dir='ltr'>in</span> <span class='ocrx_word' id='word_1_226' title='bbox 1365 3979 1402 4034; x_wconf 84' lang='lat'>30</span> 
     </span>
     <span class='ocr_line' id='line_1_32' title="bbox 219 4063 1357 4159; baseline 0 -25"><span class='ocrx_word' id='word_1_227' title='bbox 219 4063 456 4147; x_wconf 84' lang='lat' dir='ltr'>secularibus;</span> <span class='ocrx_word' id='word_1_228' title='bbox 488 4072 525 4133; x_wconf 87' lang='lat' dir='ltr'>ct</span> <span class='ocrx_word' id='word_1_229' title='bbox 543 4065 637 4157; x_wconf 90' lang='lat' dir='ltr'>quod</span> <span class='ocrx_word' id='word_1_230' title='bbox 659 4064 777 4135; x_wconf 91' lang='lat' dir='ltr'>nullus</span> <span class='ocrx_word' id='word_1_231' title='bbox 800 4073 989 4134; x_wconf 87' lang='lat' dir='ltr'>extraneus</span> <span class='ocrx_word' id='word_1_232' title='bbox 1011 4065 1183 4156; x_wconf 90' lang='lat' dir='ltr'>princeps,</span> <span class='ocrx_word' id='word_1_233' title='bbox 1200 4064 1256 4134; x_wconf 81' lang='lat' dir='ltr'>vel</span> <span class='ocrx_word' id='word_1_234' title='bbox 1279 4088 1357 4159; x_wconf 91' lang='lat' dir='ltr'>per-</span> 
     </span>
     <span class='ocr_line' id='line_1_33' title="bbox 219 4179 1356 4272; baseline 0.002 -22"><span class='ocrx_word' id='word_1_235' title='bbox 219 4201 316 4264; x_wconf 86' lang='lat' dir='ltr'>sona,</span> <span class='ocrx_word' id='word_1_236' title='bbox 333 4202 399 4250; x_wconf 87' lang='lat' dir='ltr'>nec</span> <span class='ocrx_word' id='word_1_237' title='bbox 416 4179 509 4250; x_wconf 87' lang='lat' dir='ltr'>ullus</span> <span class='ocrx_word' id='word_1_238' title='bbox 532 4179 705 4272; x_wconf 89' lang='lat' dir='ltr'>praelatus,</span> <span class='ocrx_word' id='word_1_239' title='bbox 724 4188 848 4263; x_wconf 83' lang='lat' dir='ltr'>status,</span> <span class='ocrx_word' id='word_1_240' title='bbox 866 4189 929 4250; x_wconf 91' lang='lat' dir='ltr'>aut</span> <span class='ocrx_word' id='word_1_241' title='bbox 946 4181 1146 4251; x_wconf 89' lang='lat' dir='ltr'>dominatus</span> <span class='ocrx_word' id='word_1_242' title='bbox 1164 4180 1274 4252; x_wconf 83' lang='lat' dir='ltr'>habet</span> <span class='ocrx_word' id='word_1_243' title='bbox 1294 4193 1356 4253; x_wconf 86' lang='lat' dir='ltr'>aut</span> 
     </span>
     <span class='ocr_line' id='line_1_34' title="bbox 219 4295 1357 4390; baseline 0.003 -24"><span class='ocrx_word' id='word_1_244' title='bbox 219 4295 350 4366; x_wconf 90' lang='lat' dir='ltr'>habere</span> <span class='ocrx_word' id='word_1_245' title='bbox 367 4296 475 4366; x_wconf 90' lang='lat' dir='ltr'>debet</span> <span class='ocrx_word' id='word_1_246' title='bbox 496 4295 604 4366; x_wconf 89' lang='lat' dir='ltr'>ullam</span> <span class='ocrx_word' id='word_1_247' title='bbox 622 4296 914 4388; x_wconf 91' lang='lat' dir='ltr'>jurisdictionem,</span> <span class='ocrx_word' id='word_1_248' title='bbox 930 4303 1154 4389; x_wconf 83' lang='lat' dir='ltr'>potestatem,</span> <span class='ocrx_word' id='word_1_249' title='bbox 1173 4297 1357 4390; x_wconf 87' lang='lat' dir='ltr'>superiori-</span> 
     </span>
     <span class='ocr_line' id='line_1_35' title="bbox 219 4411 1356 4504; baseline 0.004 -22"><span class='ocrx_word' id='word_1_250' title='bbox 219 4419 342 4493; x_wconf 88' lang='lat' dir='ltr'>tatem,</span> <span class='ocrx_word' id='word_1_251' title='bbox 376 4412 684 4504; x_wconf 81' lang='lat' dir='ltr'>praeeminentiam,</span> <span class='ocrx_word' id='word_1_252' title='bbox 710 4413 767 4483; x_wconf 89' lang='lat' dir='ltr'>vel</span> <span class='ocrx_word' id='word_1_253' title='bbox 801 4411 1049 4483; x_wconf 85' lang='lat' dir='ltr'>auctoritatem</span> <span class='ocrx_word' id='word_1_254' title='bbox 1082 4412 1356 4486; x_wconf 80' lang='lat' dir='ltr'>ecclesiasticam</span> 
     </span>
    </p>
   </div>
   <div class='ocr_carea' id='block_1_8' title="bbox 0 0 1575 4972">
    <p class='ocr_par' dir='ltr' id='par_1_9' title="bbox 0 0 1575 4972">
     <span class='ocr_line' id='line_1_36' title="bbox 0 0 1575 4972; baseline 0 0"><span class='ocrx_word' id='word_1_255' title='bbox 0 0 1575 4972; x_wconf 95' lang='lat' dir='ltr'> </span> 
     </span>
    </p>
   </div>
  </div>
 </body>
</html>
