3118 4968
663 208 796 275 Aaou
809 207 1003 294 cnam.
1345 203 1404 290 [v.

351 501 409 567 31.
451 494 509 568 Dc
524 497 624 569 caica
642 494 777 571 Christi
794 493 961 568 oblatione
977 495 1016 565 ia
1033 517 1132 566 auce
1141 490 1310 590 pefecta.

311 661 457 734 Oblatio
486 661 618 734 Christi
648 659 759 733 semel
788 661 891 744 iacta,
922 660 1079 755 perfecta
1107 667 1163 731 est
1193 660 1402 753 redemptio,

260 779 473 872 propitiatio,
508 788 546 850 et
579 777 774 850 satisfactio
808 801 872 872 pro
906 777 1069 849 omnibus
1101 777 1256 870 peccatis
1290 779 1402 848 totius

259 897 394 981 mnndi,
412 897 487 967 tim
504 894 742 990 originalibus,
755 894 864 988 quam
881 893 1089 966 actualibus.
1129 892 1168 963 N
1168 891 1259 986 eque
1272 901 1403 987 praetcr

259 1012 357 1083 illam
383 1013 530 1096 unicam,
561 1021 616 1084 est
644 1011 717 1083 vlla
743 1011 813 1082 alia
841 1011 1084 1106 propeccatis
1110 1011 1276 1104 expiatio,
1306 1009 1427 1082 undet

258 1128 443 1200 missarum
469 1129 646 1212 sacrificia,
673 1129 811 1221 quibus,
829 1122 938 1222 vulgb
964 1125 1157 1209 dicebatur,
1180 1126 1402 1198 sacerdotem

259 1243 383 1336 offerre
405 1245 597 1330 Christum,
622 1246 660 1314 in
685 1245 927 1316 remissionem
952 1265 1073 1336 poenae,
1099 1251 1163 1313 aut
1188 1241 1310 1336 culpae,
1335 1265 1401 1336 pro

258 1363 349 1435 vinis
366 1373 403 1434 et
421 1363 607 1446 defimctis,
623 1361 830 1454 blasphema
846 1360 1017 1454 figmenta
1033 1367 1126 1441 sunt,
1143 1368 1181 1430 et
1198 1358 1401 1452 pemioiosae

258 1481 470 1572 imposturae.

538 1635 597 1701 32.
648 1626 705 1700 De
721 1630 881 1728 coaicpio
897 1628 1120 1701 sacedotum.
1411 1649 1446 1689 10

308 1797 502 1892 Episcopis,
546 1795 774 1882 Praesbiteris,
810 1805 847 1868 et
882 1795 1050 1869 Diaconis
1092 1797 1190 1868 nullo
1230 1798 1399 1870 mandato

257 1915 378 1985 diuino
405 1922 620 2006 praeceptum
641 1922 706 1997 est,
729 1923 769 1984 vt
793 1921 856 1985 aut
880 1912 1084 1985 coelibatum
1106 1922 1269 1996 voueant,
1291 1923 1355 1986 aut
1377 1939 1400 1987 a

256 2029 481 2100 matrimonio
494 2030 705 2102 abstineant.
741 2029 846 2101 Licet
862 2030 970 2124 igitur
987 2031 1095 2100 etiam
1111 2028 1192 2114 illis,
1206 2039 1246 2102 vt
1263 2033 1399 2104 catena
1531 2097 1532 2126 ,

255 2146 418 2218 omnibus
444 2145 662 2232 Christianis,
687 2147 747 2218 vbi
772 2147 840 2218 hoc
865 2147 909 2216 ad
939 2146 1110 2239 pietatem
1140 2147 1252 2241 magis
1281 2147 1399 2220 facere
1531 2141 1532 2148 '

255 2263 501 2347 iudicauerint,
518 2285 582 2356 pro
600 2285 663 2334 suo
680 2262 852 2334 arbitratu
868 2262 1134 2333 matrimonium
1152 2263 1371 2337 contrahere.
1409 2291 1442 2350 15

491 2519 551 2584 33.
601 2510 660 2584 Dc
675 2515 977 2587 encommcnicotis
994 2513 1155 2586 citandis.

304 2677 373 2763 Qvi
407 2701 470 2770 per
503 2677 679 2770 publicam
715 2679 871 2750 ecclesiae
904 2679 1212 2751 denunciationem
1245 2678 1314 2753 ricc
1346 2683 1393 2754 ab

253 2795 389 2863 vnitate
415 2792 571 2864 ecclesiae
596 2795 759 2889 praecisus
782 2805 846 2880 est,
872 2804 910 2867 et
935 2799 1325 2882 excommunicatas
1347 2799 1394 2871 ab

254 2911 414 2980 uniuersa
441 2909 601 2980 fidelium
632 2911 862 2984 multitudine
898 2909 1026 3002 (donec
1055 2937 1119 3006 per
1147 2915 1394 3008 poenitentiam

251 3023 392 3120 publicis
415 3027 660 3099 reconciliatus
686 3028 793 3099 firerit
817 3028 962 3100 arbitrio
985 3028 1118 3102 Iudicis
1141 3035 1393 3126 competentis)
1404 3060 1441 3099 20

252 3143 436 3215 habendus
453 3151 507 3214 est
524 3151 692 3236 tanquam
711 3143 885 3216 Ethnicus
902 3152 941 3215 et
957 3143 1176 3238 publicanus.

468 3399 526 3466 34.
578 3392 635 3466 Dc
652 3393 896 3466 traditionibus
912 3393 1175 3468 &occaecata

300 3561 520 3632 Traditiones
542 3560 650 3653 atquc
670 3563 887 3633 ceremonias
910 3563 1062 3647 easdem,
1079 3587 1151 3635 non
1169 3566 1313 3636 omnino
1330 3591 1393 3639 ne·

251 3677 439 3748 cessarium
456 3685 511 3748 est
528 3700 604 3749 esse
621 3676 759 3770 vbiqnd,
777 3688 841 3749 aut
862 3701 1003 3773 prorsus
1026 3679 1235 3752 consimiles.
1293 3681 1392 3754 Nam

250 3802 288 3862 et
300 3793 403 3864 variae
416 3815 555 3887 semper
566 3793 719 3878 fuerunt,
733 3801 772 3866 et
784 3796 914 3866 mutari
931 3804 1089 3889 possunt,
1102 3819 1165 3889 pro
1178 3795 1390 3892 Regionum,
1401 3819 1436 3880 25
1531 3827 1532 3896 p

249 3919 464 4004 temporum,
498 3919 537 3982 et
569 3932 709 3981 morum
743 3912 960 3995 diuersitate,
994 3908 1102 3983 modd
1144 3912 1234 3984 nihil
1267 3924 1392 3987 contra

250 4026 396 4098 verbum
415 4025 485 4097 Dei
500 4027 716 4098 instituatur.

298 4143 528 4227 Traditiones,
543 4159 580 4214 at
598 4143 814 4216 ceremonias
827 4144 1080 4217 ecclesiasticas
1093 4169 1266 4239 quaecum
1279 4147 1390 4220 uerbo
1531 4133 1532 4204 ἓ

249 4257 320 4330 Dei
345 4282 416 4330 non
441 4269 612 4354 pugnant,
635 4269 674 4330 et
699 4269 781 4332 sunt
801 4260 1018 4332 authoritate
1039 4261 1184 4355 publica
1205 4263 1389 4348 instituta,

248 4375 355 4468 atque
381 4375 546 4469 probata,
573 4375 729 4470 quisquis
753 4377 892 4471 priuato
917 4377 1063 4449 consilio
1088 4378 1221 4463 volens,
1242 4387 1280 4450 et
1306 4380 1434 4458 dataso
