3140 4972
211 191 319 276 1604]
439 189 656 256 omanem
671 191 738 256 aaa
755 193 876 256 mmm
891 186 1131 254 nectarea.
1285 147 1350 251 rur

207 389 278 446 nus
295 366 421 439 laedere
438 351 501 438 aut
518 377 711 438 extenuare
732 367 1002 460 praesumpserit,
1021 361 1349 436 excommunicetur

210 484 288 576 ipso
321 484 427 567 facto,
461 507 530 554 non
572 484 638 554 uisi
671 507 735 577 per
767 483 1067 576 archiepiscopum
1100 479 1347 560 restituendus,

212 601 318 693 idque
335 609 520 694 postquam
534 602 729 695 resipuerit,
742 625 784 674 ac
800 603 927 695 impios
942 601 1049 672 hosce
1062 621 1195 672 errores
1208 595 1349 690 publice

212 718 393 789 revocarit.

441 916 512 988 ΙΙΙ.
537 913 694 988 Ecclesia
709 915 908 1015 duplicatae
924 913 1125 988 ochodocc
1357 931 1375 990 5

263 1065 474 1158 Quicunque
501 1067 719 1160 inposterum
744 1066 941 1150 affirmabit,
972 1063 1156 1136 ecclesiam
1182 1059 1351 1154 Anglica-

212 1204 310 1264 nam,
340 1182 405 1254 sub
438 1183 535 1277 regia
562 1183 747 1274 majestate
777 1183 913 1276 legibus
940 1181 1142 1263 stabilitam,
1170 1201 1241 1249 non
1275 1198 1350 1248 esse

213 1298 455 1383 orthodoxam,
475 1307 512 1368 et
535 1297 762 1392 apostolicam
785 1298 979 1381 ecclesiam,
1000 1296 1238 1391 apostolorum
1255 1293 1352 1363 vide-

213 1413 298 1486 licet
325 1416 520 1486 doctrinam
549 1417 760 1498 tradentem,
788 1423 826 1486 et
853 1423 1081 1497 astruentem,
1109 1411 1351 1484 excommuni-

214 1540 314 1602 cetur
329 1533 405 1624 ipso
422 1533 527 1614 facto,
538 1556 609 1603 non
627 1533 692 1603 nisi
710 1556 773 1626 per
789 1531 1088 1625 archiepiscopum
1102 1529 1350 1612 restituendus,
1361 1554 1394 1594 ro

214 1649 320 1740 idque
341 1657 527 1741 postquam
544 1648 740 1742 resipuerit,
758 1671 799 1719 ac
816 1649 964 1742 impium
981 1647 1076 1719 hunc
1093 1669 1244 1718 errorem
1262 1644 1352 1740 pub·

214 1763 282 1836 lice
298 1759 480 1836 revocaiit.

215 2029 283 2102 IV.
313 2029 455 2104 *Divina
482 2030 592 2104 cuitus
618 2034 710 2104 ratio
742 2033 780 2102 io
805 2029 944 2104 eccbacic
968 2028 1166 2128 Aopticaca
1189 1993 1351 2120 stabilita,

617 2149 684 2244 pic
700 2157 732 2220 ct
749 2147 949 2222 ortodoaa.

265 2295 476 2389 Quicunque
500 2299 719 2390 inposterum
744 2298 941 2383 affirmabit,
964 2298 1115 2392 liturgiae
1140 2297 1289 2367 formam
1315 2296 1395 2377 in15

214 2413 362 2486 ecclesia
378 2412 578 2509 Anglicana
602 2415 740 2510 legibus
765 2415 968 2499 stabilitam,
986 2424 1023 2485 et
1039 2417 1076 2484 in
1094 2413 1183 2484 libro
1208 2435 1352 2505 precum

113 2573 117 2582 ·
214 2531 445 2624 publicarum,
470 2554 512 2602 ac
537 2531 848 2602 administrationis
873 2539 1172 2602 sacramentorum
1194 2518 1353 2621 compre·

214 2647 371 2730 hensam,
405 2657 619 2742 corruptum,
653 2649 944 2740 superstitiosum,
978 2657 1041 2718 aut
1079 2647 1242 2717 illicitum
1277 2667 1352 2716 esse

215 2761 285 2833 Dei
312 2764 459 2848 cultum,
487 2763 544 2834 vel
572 2764 758 2856 quicquam
785 2765 822 2834 in
845 2787 883 2836 se
904 2766 1093 2847 continere,
1118 2763 1212 2855 quod
1236 2761 1353 2854 Scrip-

159 2967 162 2974 ¹
214 2889 373 2951 turarnm
406 2881 532 2951 canoni
574 2882 620 2951 sit
660 2883 883 2966 contrarium,
918 2882 1245 2953 excommunicetur
1277 2881 1352 2972 ipso
1362 2909 1396 2950 20

214 2999 320 3081 fecto,
347 3021 419 3068 non
441 2998 508 3069 uisi
530 3021 594 3091 per
610 2999 813 3092 episcopum
839 3000 1086 3080 dioecesanum,
1104 2996 1161 3066 vel
1184 2995 1354 3089 archiepi-

215 3138 359 3208 scopum
373 3115 622 3198 restituendus,
632 3116 738 3208 idque
749 3125 935 3209 postquam
945 3113 1139 3207 resipuerit,
1150 3135 1192 3183 ac
1204 3111 1351 3206 impium

214 3231 309 3303 huuc
326 3255 481 3304 errorem
501 3232 642 3327 publice
658 3234 840 3304 revocarit.

216 3497 265 3572 V.
290 3497 474 3570 Doctrina
490 3497 630 3573 articadi
653 3500 692 3570 in
716 3497 854 3571 cccbesic
870 3496 1067 3597 ,inplicant
1082 3493 1235 3580 stabiliti,
1250 3495 1306 3590 pii
1321 3505 1353 3566 et

688 3613 881 3688 orthodoxi.
1007 3609 1010 3615 ’
1361 3647 1395 3707 25

266 3764 478 3859 Quicunque
506 3769 723 3860 inposterum
757 3767 954 3850 affirmabit,
982 3765 1094 3836 ullum
1129 3787 1175 3835 ex
1208 3764 1353 3858 triginta

215 3904 343 3951 novem
360 3883 525 3966 articulis,
542 3885 578 3953 in
596 3907 684 3976 quos
707 3907 915 3955 consensum
939 3893 993 3954 est
1017 3883 1062 3954 ab
1085 3879 1353 3974 archiepiscopis

215 4007 262 4076 et,
278 3999 450 4091 episcopis
478 4001 661 4093 utriusque
684 4001 880 4093 provincia,
903 4025 944 4072 ac
970 4000 1106 4092 reliquo
1135 4000 1231 4070 omni
1259 3996 1353 4068 clero

215 4115 252 4184 in
286 4115 419 4208 synodo
455 4115 608 4186 Londini
641 4116 763 4187 habita
796 4141 887 4188 anno
916 4117 1063 4188 Domini
1089 4113 1353 4204 u.u.1.xu.(ad

157 4285 162 4303 ,
215 4229 409 4300 tollendam
433 4232 556 4323 utique
579 4232 784 4325 opinionum
801 4234 1019 4315 varietatem,
1037 4240 1074 4302 et
1091 4252 1299 4302 consensum
1317 4229 1398 4317 in30

216 4369 321 4416 causa
349 4345 431 4418 fidei
465 4347 686 4430 firmandum,
716 4355 754 4417 et
783 4347 1046 4440 stabiliendum)
1077 4347 1149 4418 ulla
1178 4370 1223 4418 ex
1253 4353 1354 4439 parte

204 4463 476 4558 ¹superstitiosos
496 4471 559 4534 aut
576 4486 739 4536 erroneos
756 4465 918 4549 existere,
936 4463 993 4536 vel
1010 4465 1154 4536 omnino
1171 4461 1353 4557 ejusmodi,
