3140 4972
233 203 297 267 184
451 205 668 272 &naamam
682 207 749 270 aad
764 205 887 271 Conona
901 203 1142 271 Ecclesiastical.
1312 202 1371 291 [V·

232 378 438 452 mittendus.
491 380 530 454 Si
564 384 642 476 quis
675 405 758 454 vero
792 383 975 476 episcopus
1007 383 1046 453 in
1085 387 1200 454 sacros
1233 379 1372 452 ordines

233 519 446 590 quemquam
471 501 643 584 asciverit,
669 501 729 592 qui
754 499 1001 592 praedictorum
1028 497 1144 592 aliquo
1170 495 1276 568 titulo
1300 505 1373 566 nori

234 612 280 682 ait
302 613 477 704 praeditus,
503 624 589 686 tunc
615 617 733 686 omnia
760 614 813 684 illi
842 615 1037 685 necessaria
1065 623 1212 686 eatenus
1241 611 1374 682 submi-

233 730 406 812 nistrabit,
440 732 552 802 donec
585 733 701 804 eidem
734 733 779 802 de
813 731 930 824 aliqua
962 730 1111 802 ecclesia
1142 727 1373 823 prospexerit.

235 843 340 928 Quod
357 847 386 916 si
407 847 521 918 facere
538 849 760 932 recusaverit,
778 870 842 941 per
863 847 1175 940 archiepiscopum,
1191 869 1263 914 uno
1285 867 1399 939 prae-5

234 969 332 1032 terea
356 967 520 1056 episcopo
546 965 730 1049 assidente,
756 964 802 1035 ab
832 964 1051 1035 ordinatione
1079 964 1307 1035 diaeonomm
1334 969 1373 1032 et

233 1077 516 1172 presbyteromm
531 1105 595 1176 per
611 1083 788 1175 integrum
805 1103 937 1151 annum
955 1080 1197 1174 suspendetur.

280 1342 470 1416 XXXIV.
498 1343 613 1419 Certoe
628 1345 838 1420 conditiones
855 1349 893 1420 ia
910 1344 1116 1420 ordinandis
1132 1345 1321 1441 requisitor.

286 1493 419 1566 Nullus
430 1497 613 1590 episcopus
629 1499 666 1568 in
684 1522 799 1570 sacros
813 1501 952 1571 ordines
962 1520 1175 1593 quemquam
1189 1496 1232 1566 de
1246 1503 1373 1567 caetero

235 1612 425 1703 cooptabit,
451 1614 511 1705 qui
537 1636 609 1682 non
634 1637 680 1685 ex
707 1638 770 1686 sua
796 1616 906 1708 ipsius
928 1615 1070 1686 dioecesi
1097 1613 1214 1690 fuerit
1231 1611 1297 1682 nisi
1316 1608 1372 1680 vel
1384 1633 1419 1673 10

235 1749 281 1797 ex
315 1727 427 1798 altera
458 1731 669 1830 nostratium
703 1703 963 1802 academiarum
993 1730 1185 1824 prodierit3
1220 1725 1277 1798 vel
1304 1727 1371 1798 nisi

234 1842 363 1926 literas,
381 1868 468 1937 quas
492 1854 631 1929 vocant,
655 1846 865 1920 dimissorias
886 1847 1046 1919 attulerit
1068 1846 1113 1917 ab
1136 1845 1310 1938 episcopo,
1328 1845 1373 1916 de

235 1961 336 2052 cujus
354 1960 600 2052 jurisdictione
625 1963 769 2048 existit3
803 1973 850 2047 et,
875 1966 904 2034 si
930 1965 1099 2035 diaconus
1123 1963 1200 2032 fieri
1226 1959 1372 2054 expetit,

235 2077 442 2148 vicesimum
472 2079 629 2161 tertium,
664 2079 717 2149 sin
750 2079 942 2173 presbyter,
974 2079 1180 2150 vicesimum
1207 2086 1373 2171 quartum

235 2197 348 2267 aetatis
374 2219 444 2266 suae
469 2219 600 2266 annum
625 2196 702 2287 jam
728 2196 969 2290 compleverit,
996 2219 1038 2266 ac
1062 2196 1170 2266 etiam
1197 2194 1235 2263 in
1262 2192 1375 2264 altera
1384 2217 1418 2276 15

236 2313 410 2383 dictamm
452 2312 710 2382 academiarum
750 2313 899 2407 gradum
932 2312 1087 2405 aliquem
1127 2310 1375 2383 scholasticum

236 2429 451 2521 susceperit;
487 2426 544 2498 vel
578 2428 704 2498 saltem
737 2429 805 2499 nisi
839 2430 1012 2500 rationem
1046 2429 1129 2500 fidei
1164 2451 1244 2513 suae,
1267 2428 1375 2521 juxta

235 2544 401 2616 articulos
426 2544 603 2638 religionis
628 2545 665 2615 in
690 2546 822 2639 synodo
848 2547 1090 2640 episcoporum
1114 2556 1151 2616 et
1176 2543 1272 2629 cleri,
1293 2569 1374 2616 ann.

234 2682 412 2733 ranmxu.
437 2662 659 2754 approbatos,
684 2661 813 2732 Latino
837 2685 997 2733 sermone
1021 2662 1168 2733 reddere
1195 2663 1313 2755 possit,
1336 2671 1375 2734 et

235 2778 384 2849 eandem
406 2779 585 2870 scripturas
605 2778 817 2849 testimoniis
839 2781 1081 2864 corroborare;
1107 2802 1148 2849 ac
1165 2778 1312 2849 ulterius
1330 2779 1374 2848 de
1384 2809 1421 2848 20

235 2895 310 2964 vita
325 2916 388 2964 sua
408 2892 584 2976 laudabili,
603 2902 640 2963 et
657 2917 796 2964 morum
819 2896 1024 2989 integritate
1041 2893 1161 2965 literas
1177 2895 1375 2964 testimoni-

235 3011 308 3082 ales
320 3010 521 3082 exhibuerit
538 3011 604 3082 sub
621 3010 737 3106 sigillo
749 3010 896 3106 alicujus
913 3011 1053 3106 collegii
1067 3010 1375 3105 cantabrigiensis

235 3136 298 3198 aut
316 3127 536 3210 Oxoniensis,
553 3129 615 3198 ubi
638 3135 743 3199 antea
762 3151 897 3199 moram
918 3129 1052 3212 fecerit,
1070 3127 1126 3198 vel
1147 3135 1244 3197 certe
1266 3128 1375 3197 trium

235 3253 297 3314 aut
315 3251 465 3337 quatuor
481 3245 642 3339 gravium
664 3245 914 3329 ministrorum,
931 3267 1100 3317 unacum
1119 3243 1375 3338 subscriptione

236 3369 273 3432 et
307 3362 510 3432 testimonio
552 3359 701 3432 aliorum
743 3362 978 3454 probabilium
1012 3371 1051 3433 et
1083 3362 1154 3432 fide
1188 3362 1420 3458 dignomm25

235 3475 429 3559 hominum,
450 3477 577 3570 quibus
600 3478 758 3570 ejusdem
785 3478 860 3548 vita
881 3487 919 3550 et
945 3501 1061 3550 mores
1085 3502 1150 3572 per
1173 3479 1374 3571 proximum

236 3594 426 3663 triennium
443 3593 575 3664 fuerint
592 3594 776 3686 explorati.

237 3843 405 3916 XXXV.
448 3841 637 3926 Neminem,
668 3843 739 3914 nisi
762 3843 899 3939 prasio
925 3841 1058 3916 eobani
1085 3843 1253 3928 earmina,
1280 3842 1377 3916 ordi·

726 3958 889 4032 madum.

288 4109 492 4203 Episcopus,
522 4109 724 4204 priusquam
758 4109 905 4182 cuilibet
932 4112 1125 4183 ordinando
1156 4134 1281 4182 manus
1310 4111 1422 4200 im·3o

235 4234 356 4321 ponat,
374 4225 534 4320 diligenti
552 4249 634 4296 eum
652 4227 814 4297 examine
831 4227 991 4298 excutiet
1007 4251 1048 4299 ac
1065 4225 1273 4322 explorabit,
1289 4251 1377 4321 prae-

237 4343 397 4414 sentibus
438 4343 572 4414 eisdem
614 4343 793 4427 ministris,
827 4367 915 4438 quos
948 4343 1036 4415 velit
1077 4347 1115 4416 in
1151 4345 1376 4439 impositione

236 4479 406 4530 manuum
434 4457 500 4529 ribi
525 4459 697 4531 assistere.
750 4457 884 4543 Quodsi
912 4460 1096 4555 episcopus
1124 4459 1284 4555 legitime
1308 4462 1376 4532 im·
