3140 4972
214 198 324 283 1604]
442 202 660 266 matuatus
674 205 742 266 aad
759 151 1136 268 Oamna'Eccleciaatical.
1288 197 1351 258 215

209 373 414 446 chianorum
445 387 482 448 et
512 380 662 450 ministri
687 380 741 449 sui
770 381 872 450 unito
900 400 1081 459 consensu,
1111 374 1282 466 siquidem
1313 370 1349 440 id

209 491 283 560 lieri
312 493 434 584 possit,
462 493 647 588 eligentur.
699 497 770 581 Qui
799 498 828 567 si
855 498 892 566 in
921 495 984 566 tali
1015 494 1189 566 electione
1219 491 1350 560 dissen-

208 606 329 690 serint,
363 619 441 680 tnm
469 612 629 683 ministro
664 612 785 683 licebit
817 635 928 682 unum
962 611 1102 706 eligere,
1132 605 1349 700 parochianis

209 722 383 808 alterum3
406 749 472 797 nec
495 729 679 820 quisquam
703 752 766 821 pro
784 751 967 799 oeconomo
989 726 1171 798 habendus
1189 723 1266 803 erit,
1283 722 1349 790 nisi

208 863 315 932 quem
346 842 517 934 ejusmodi
548 869 738 917 consensus
766 848 839 916 sive
868 846 1086 938 conjunctus,
1116 841 1189 911 sive
1219 838 1374 911 divisus5

209 957 380 1052 elegerit;
405 984 520 1054 neque
544 963 652 1034 iidem
676 965 785 1034 etiam
809 964 847 1033 in
871 961 985 1032 officio
1008 982 1071 1030 suo
1094 956 1188 1027 ultra
1207 975 1349 1035 annum,

208 1074 275 1144 nisi
292 1074 337 1145 de
353 1075 492 1171 integro
505 1078 549 1148 ad
566 1078 712 1149 modum
725 1079 931 1171 praedictum
947 1076 1063 1159 electi,
1081 1071 1348 1168 permanebunt.

208 1189 413 1284 Omnesque
439 1195 611 1265 oeconomi
635 1195 679 1264 ad
706 1196 791 1265 dicti
817 1195 899 1265 anni
923 1193 1113 1264 terminum
1140 1187 1197 1258 vel
1222 1185 1349 1256 saltem

209 1307 302 1377 infra
330 1309 487 1402 ejusdem
512 1313 653 1381 termini
678 1334 837 1383 mensem
864 1334 975 1381 unum
1003 1307 1160 1403 pecunia
1187 1313 1266 1374 tum
1292 1327 1349 1374 ac-

210 1433 321 1515 ceptae
347 1437 425 1495 tum
455 1450 627 1520 expensae,
653 1429 726 1498 sive
755 1431 793 1498 in
818 1428 1063 1521 reparationes,
1093 1425 1166 1494 sive
1196 1423 1234 1491 in
1263 1420 1349 1491 alios
1360 1441 1392 1478 10

208 1562 436 1633 quoscunque
454 1542 609 1614 ecclesias
626 1566 709 1614 usus
726 1567 844 1614 veram
858 1553 896 1614 et
912 1539 1159 1635 particularem
1176 1539 1348 1608 rationem
1408 1537 1411 1545 “

210 1657 370 1727 ministro
398 1666 436 1728 et
463 1660 682 1751 parochianis
708 1660 878 1744 reddent3
917 1657 1111 1750 quinetiam
1141 1654 1254 1725 officio
1285 1677 1348 1723 sno

208 1774 389 1858 abeuntes,
409 1776 628 1868 parochianis
650 1776 779 1848 cedent
801 1776 967 1869 quicquid
993 1772 1151 1867 pecuniae
1175 1778 1237 1840 aut
1262 1769 1348 1840 alte

209 1891 281 1960 rius
310 1893 361 1962 rei
390 1893 628 1986 cujuscunque
653 1894 698 1964 ad
726 1893 910 1965 ecclesiam
940 1892 1013 1961 sive
1041 1886 1243 1982 parochiam
1266 1887 1348 1978 jurc

207 2007 425 2099 pertinentis,
455 2009 494 2078 in
518 2010 673 2102 ipsomm
698 2010 860 2080 manibus
889 2008 1067 2078 residuum
1095 2003 1276 2096 supererit,
1306 2009 1348 2072 ut
1359 2025 1389 2081 15

207 2146 270 2214 per
303 2146 364 2194 eos
397 2125 434 2194 in
469 2125 734 2196 succedentium
767 2144 1029 2195 oeconomorum
1059 2119 1255 2191 custodiam
1285 2141 1348 2210 per

206 2239 330 2309 billam
348 2239 568 2312 indentatam
585 2241 824 2313 transferatur.

207 2452 287 2525 XO.
326 2452 580 2550 Inquisitorem
596 2459 666 2530 sive
683 2453 910 2528 maisteutium
929 2451 1054 2536 electio,
1073 2473 1254 2544 ceteraque
1271 2472 1346 2519 cam

500 2575 681 2646 oecoaomr's
698 2574 801 2667 officu
818 2571 1052 2644 communitas.

256 2719 494 2794 Ecclesiarum
516 2725 673 2795 omnium
695 2723 878 2804 oeconomi,
902 2723 975 2792 sive
995 2717 1227 2812 inquisitores,
1249 2714 1391 2785 adhi-ao

206 2836 290 2908 bitis
312 2839 349 2907 in
375 2838 520 2933 singulis
544 2838 716 2935 parochiis
740 2840 886 2922 dnobus,
905 2839 1028 2919 tribus,
1052 2844 1114 2906 aut
1138 2835 1245 2903 etiam
1270 2831 1347 2924 plu-

207 2953 303 3024 ribus
319 2954 478 3026 discretis
490 2956 701 3038 hominibus,
715 2957 774 3047 qui
787 2978 851 3048 per
862 2953 1072 3034 ministrum,
1086 2958 1124 3020 et
1136 2971 1346 3030 oeccnomos,

207 3070 380 3161 siquidem
406 3072 498 3141 inter
523 3094 583 3142 eos
604 3073 791 3141 convenire
815 3070 957 3162 poterit,
974 3067 1059 3138 alias
1080 3089 1142 3160 per
1165 3065 1234 3135 loci
1255 3065 1346 3134 ordi-

207 3186 343 3256 narium
372 3210 436 3279 pro
465 3187 708 3259 assistentibus
738 3185 923 3280 eligentur,
949 3183 1071 3254 sedulo
1101 3181 1344 3275 invigilabant,

205 3311 247 3372 ut
272 3304 472 3394 parochiani
501 3326 622 3375 omnes
648 3302 813 3374 ecclesias
842 3323 921 3371 suas
948 3299 1071 3370 diebus
1099 3297 1282 3368 dominicis
1307 3303 1388 3380 et25

206 3419 341 3490 festivis
358 3419 478 3492 debite
500 3421 735 3514 frequentent,
753 3428 861 3512 atque
882 3419 919 3488 in
939 3418 1063 3488 iisdem
1083 3439 1147 3509 per
1167 3415 1344 3507 integrum

134 3592 139 3603 .
206 3542 347 3628 tempus
363 3535 415 3606 rei
432 3559 536 3608 sacrae
558 3538 769 3630 perdurent;
795 3559 865 3628 quo
885 3537 973 3604 item
991 3542 1149 3626 tempore
1166 3532 1344 3602 neminem

206 3649 242 3719 in
260 3650 408 3723 ecclesia
424 3655 626 3747 ejusdemve
651 3655 788 3747 porticu
810 3661 873 3722 aut
890 3651 1091 3721 coemeterio
1109 3646 1343 3728 deambulare,

206 3765 262 3838 vel
283 3769 394 3852 otiari,
421 3780 483 3841 aut
507 3767 637 3864 gd‘rrire
662 3769 862 3862 patientur;
891 3767 919 3837 si
945 3789 1032 3858 quos
1057 3774 1178 3835 autem
1203 3786 1343 3856 compe-

205 3883 315 3954 rerint
344 3887 520 3956 remissius
547 3895 609 3957 aut
635 3884 872 3978 negligentius
901 3882 1085 3954 ecclesiam
1114 3881 1219 3965 adire,
1246 3880 1386 3969 nulla3o

205 4022 333 4092 magna
357 4010 420 4071 ant
442 3999 551 4072 ardua
570 4001 737 4071 absentia
760 4025 830 4071 suae
856 4023 960 4072 causa
983 4005 1176 4080 constante,
1200 3998 1341 4067 eosdem

206 4116 296 4184 serio
322 4117 573 4200 admonebunt,
600 4126 647 4198 et,
674 4118 740 4188 nisi
767 4117 886 4187 debite
916 4117 1084 4186 admoniti
1114 4137 1151 4183 se
1178 4113 1342 4182 emenda-

206 4231 330 4314 verint,
349 4233 393 4303 ad
411 4233 478 4303 loci
496 4233 707 4302 ordinarium
730 4233 900 4302 deferent.
952 4231 1091 4301 Horum
1114 4238 1234 4300 autern
1251 4252 1342 4300 oeco·

204 4369 400 4432 nomomm,
419 4358 456 4419 et
475 4349 731 4441 inquisitorum,
748 4347 805 4418 vel
828 4346 1064 4419 assistentium
1082 4367 1234 4415 annuam
1251 4343 1342 4414 elec-

205 4463 340 4536 tionem
356 4466 393 4535 in
410 4465 564 4558 paschali
580 4465 800 4536 hebdomade
817 4463 1060 4536 celebrandam
1078 4459 1307 4532 decernimus.
1349 4475 1383 4532 35
