<?xml version="1.0" encoding="UTF-8"?>
<!DOCTYPE html PUBLIC "-//W3C//DTD XHTML 1.0 Transitional//EN"
    "http://www.w3.org/TR/xhtml1/DTD/xhtml1-transitional.dtd">
<html xmlns="http://www.w3.org/1999/xhtml" xml:lang="en" lang="en">
 <head>
  <title>
</title>
<meta http-equiv="Content-Type" content="text/html;charset=utf-8" />
  <meta name='ocr-system' content='tesseract 3.04.00' />
  <meta name='ocr-capabilities' content='ocr_page ocr_carea ocr_par ocr_line ocrx_word'/>
</head>
<body>
  <div class='ocr_page' id='page_1' title='image "./synodaliaacolle00cardgoog_0272.png"; bbox 0 0 3140 4972; ppageno 0'>
   <div class='ocr_carea' id='block_1_1' title="bbox 197 211 1331 299">
    <p class='ocr_par' dir='ltr' id='par_1_1' title="bbox 197 211 1331 299">
     <span class='ocr_line' id='line_1_1' title="bbox 197 211 1331 299; baseline 0.001 -21"><span class='ocrx_word' id='word_1_1' title='bbox 197 211 307 299; x_wconf 82' lang='lat'>1604]</span> <span class='ocrx_word' id='word_1_2' title='bbox 421 213 1116 284; x_wconf 59' lang='lat' dir='ltr'><strong>emacemaacammasasea</strong></span> <span class='ocrx_word' id='word_1_3' title='bbox 1266 211 1331 279; x_wconf 78' lang='lat' dir='ltr'><strong>aar</strong></span> 
     </span>
    </p>
   </div>
   <div class='ocr_carea' id='block_1_2' title="bbox 193 387 1330 724">
    <p class='ocr_par' dir='ltr' id='par_1_2' title="bbox 193 387 1330 724">
     <span class='ocr_line' id='line_1_2' title="bbox 194 387 1329 487; baseline -0.002 -29"><span class='ocrx_word' id='word_1_4' title='bbox 194 387 268 458; x_wconf 86' lang='lat' dir='ltr'><strong>sive</strong></span> <span class='ocrx_word' id='word_1_5' title='bbox 300 391 502 464; x_wconf 71' lang='lat' dir='ltr'><strong>assistentes</strong></span> <span class='ocrx_word' id='word_1_6' title='bbox 534 393 697 487; x_wconf 89' lang='lat' dir='ltr'><strong>episcopo</strong></span> <span class='ocrx_word' id='word_1_7' title='bbox 730 393 937 476; x_wconf 68' lang='lat' dir='ltr'><strong>dioecesano,</strong></span> <span class='ocrx_word' id='word_1_8' title='bbox 967 391 1023 463; x_wconf 85' lang='lat' dir='ltr'><strong>vel</strong></span> <span class='ocrx_word' id='word_1_9' title='bbox 1056 389 1125 462; x_wconf 92' lang='lat' dir='ltr'><strong>loci</strong></span> <span class='ocrx_word' id='word_1_10' title='bbox 1155 387 1329 459; x_wconf 88' lang='lat' dir='ltr'><strong>ordinario</strong></span> 
     </span>
     <span class='ocr_line' id='line_1_3' title="bbox 194 505 1330 604; baseline 0.002 -30"><span class='ocrx_word' id='word_1_11' title='bbox 194 505 346 578; x_wconf 89' lang='lat' dir='ltr'><strong>eundem</strong></span> <span class='ocrx_word' id='word_1_12' title='bbox 364 506 541 603; x_wconf 83' lang='lat' dir='ltr'><strong>detegent,</strong></span> <span class='ocrx_word' id='word_1_13' title='bbox 558 519 596 581; x_wconf 91' lang='lat' dir='ltr'><strong>et</strong></span> <span class='ocrx_word' id='word_1_14' title='bbox 617 511 833 598; x_wconf 89' lang='lat' dir='ltr'><strong>iudicabunt,</strong></span> <span class='ocrx_word' id='word_1_15' title='bbox 850 519 891 582; x_wconf 94' lang='lat' dir='ltr'><strong>ut</strong></span> <span class='ocrx_word' id='word_1_16' title='bbox 913 510 1026 604; x_wconf 87' lang='lat' dir='ltr'><strong>poenis</strong></span> <span class='ocrx_word' id='word_1_17' title='bbox 1042 515 1080 580; x_wconf 89' lang='lat' dir='ltr'><strong>et</strong></span> <span class='ocrx_word' id='word_1_18' title='bbox 1096 507 1250 580; x_wconf 81' lang='lat' dir='ltr'><strong>censuris</strong></span> <span class='ocrx_word' id='word_1_19' title='bbox 1267 529 1330 600; x_wconf 84' lang='lat' dir='ltr'><strong>per</strong></span> 
     </span>
     <span class='ocr_line' id='line_1_4' title="bbox 193 619 1066 724; baseline -0.001 -27"><span class='ocrx_word' id='word_1_20' title='bbox 193 619 445 697; x_wconf 69' lang='lat' dir='ltr'><strong>woledastieas</strong></span> <span class='ocrx_word' id='word_1_21' title='bbox 461 627 659 700; x_wconf 74' lang='lat' dir='ltr'><strong>sanctiones</strong></span> <span class='ocrx_word' id='word_1_22' title='bbox 674 629 835 724; x_wconf 82' lang='lat' dir='ltr'><strong>irrogatis</strong></span> <span class='ocrx_word' id='word_1_23' title='bbox 852 633 1066 699; x_wconf 70' lang='lat' dir='ltr'><strong>coornantur.</strong></span> 
     </span>
    </p>
   </div>
   <div class='ocr_carea' id='block_1_3' title="bbox 194 867 1328 974">
    <p class='ocr_par' dir='ltr' id='par_1_3' title="bbox 194 867 1328 974">
     <span class='ocr_line' id='line_1_5' title="bbox 194 867 1328 974; baseline 0.001 -32"><span class='ocrx_word' id='word_1_24' title='bbox 194 867 297 942; x_wconf 85' lang='lat' dir='ltr'>CXI.</span> <span class='ocrx_word' id='word_1_25' title='bbox 330 869 481 946; x_wconf 82' lang='lat' dir='ltr'><strong>Prccam</strong></span> <span class='ocrx_word' id='word_1_26' title='bbox 493 874 691 950; x_wconf 77' lang='lat' dir='ltr'><strong>dictamum</strong></span> <span class='ocrx_word' id='word_1_27' title='bbox 701 875 957 974; x_wconf 77' lang='lat' dir='ltr'><strong>pertrabatorcc</strong></span> <span class='ocrx_word' id='word_1_28' title='bbox 970 876 1008 946; x_wconf 83' lang='lat' dir='ltr'><strong>ia</strong></span> <span class='ocrx_word' id='word_1_29' title='bbox 1021 873 1130 947; x_wconf 63' lang='lat' dir='ltr'><strong>cumis</strong></span> <span class='ocrx_word' id='word_1_30' title='bbox 1142 871 1328 971; x_wconf 74' lang='lat' dir='ltr'><strong>datayeadi.</strong></span> 
     </span>
    </p>
   </div>
   <div class='ocr_carea' id='block_1_4' title="bbox 193 1019 1374 1814">
    <p class='ocr_par' dir='ltr' id='par_1_4' title="bbox 193 1019 1374 1814">
     <span class='ocr_line' id='line_1_6' title="bbox 245 1019 1355 1120; baseline 0.008 -31"><span class='ocrx_word' id='word_1_31' title='bbox 245 1019 289 1090; x_wconf 92' lang='lat' dir='ltr'><strong>In</strong></span> <span class='ocrx_word' id='word_1_32' title='bbox 318 1021 480 1095; x_wconf 90' lang='lat' dir='ltr'><strong>omnibus</strong></span> <span class='ocrx_word' id='word_1_33' title='bbox 513 1027 754 1120; x_wconf 90' lang='lat' dir='ltr'><strong>episcoporum</strong></span> <span class='ocrx_word' id='word_1_34' title='bbox 787 1034 825 1097; x_wconf 91' lang='lat' dir='ltr'><strong>et</strong></span> <span class='ocrx_word' id='word_1_35' title='bbox 858 1025 1179 1098; x_wconf 89' lang='lat' dir='ltr'><strong>archidiaconorum</strong></span> <span class='ocrx_word' id='word_1_36' title='bbox 1210 1023 1355 1098; x_wconf 86' lang='lat' dir='ltr'><strong>visita-5</strong></span> 
     </span>
     <span class='ocr_line' id='line_1_7' title="bbox 193 1135 1330 1236; baseline 0 -28"><span class='ocrx_word' id='word_1_37' title='bbox 193 1135 349 1209; x_wconf 84' lang='lat' dir='ltr'><strong>tionibus</strong></span> <span class='ocrx_word' id='word_1_38' title='bbox 371 1143 553 1226; x_wconf 88' lang='lat' dir='ltr'><strong>oeconomi,</strong></span> <span class='ocrx_word' id='word_1_39' title='bbox 576 1150 614 1213; x_wconf 89' lang='lat' dir='ltr'><strong>ct</strong></span> <span class='ocrx_word' id='word_1_40' title='bbox 636 1143 857 1236; x_wconf 80' lang='lat' dir='ltr'><strong>inquisitores</strong></span> <span class='ocrx_word' id='word_1_41' title='bbox 882 1143 956 1214; x_wconf 87' lang='lat' dir='ltr'><strong>sive</strong></span> <span class='ocrx_word' id='word_1_42' title='bbox 980 1142 1182 1213; x_wconf 82' lang='lat' dir='ltr'><strong>assistentes</strong></span> <span class='ocrx_word' id='word_1_43' title='bbox 1205 1161 1330 1209; x_wconf 89' lang='lat' dir='ltr'><strong>eorum</strong></span> 
     </span>
     <span class='ocr_line' id='line_1_8' title="bbox 194 1254 1330 1355; baseline 0.001 -31"><span class='ocrx_word' id='word_1_44' title='bbox 194 1255 352 1326; x_wconf 90' lang='lat' dir='ltr'><strong>omnium</strong></span> <span class='ocrx_word' id='word_1_45' title='bbox 376 1259 519 1330; x_wconf 88' lang='lat' dir='ltr'><strong>nomina</strong></span> <span class='ocrx_word' id='word_1_46' title='bbox 543 1269 687 1331; x_wconf 83' lang='lat' dir='ltr'><strong>verset</strong></span> <span class='ocrx_word' id='word_1_47' title='bbox 713 1259 941 1355; x_wconf 74' lang='lat' dir='ltr'><strong>personaliter</strong></span> <span class='ocrx_word' id='word_1_48' title='bbox 970 1254 1241 1352; x_wconf 82' lang='lat' dir='ltr'><strong>praesentabuut,</strong></span> <span class='ocrx_word' id='word_1_49' title='bbox 1269 1255 1330 1347; x_wconf 93' lang='lat' dir='ltr'><strong>qui</strong></span> 
     </span>
     <span class='ocr_line' id='line_1_9' title="bbox 193 1371 1331 1468; baseline -0.001 -27"><span class='ocrx_word' id='word_1_50' title='bbox 193 1371 380 1445; x_wconf 85' lang='lat' dir='ltr'><strong>inciviliter</strong></span> <span class='ocrx_word' id='word_1_51' title='bbox 402 1381 464 1445; x_wconf 90' lang='lat' dir='ltr'><strong>aot</strong></span> <span class='ocrx_word' id='word_1_52' title='bbox 486 1375 695 1448; x_wconf 90' lang='lat' dir='ltr'><strong>immodeste</strong></span> <span class='ocrx_word' id='word_1_53' title='bbox 711 1376 748 1446; x_wconf 91' lang='lat' dir='ltr'><strong>in</strong></span> <span class='ocrx_word' id='word_1_54' title='bbox 771 1375 919 1447; x_wconf 89' lang='lat' dir='ltr'><strong>ecclesia</strong></span> <span class='ocrx_word' id='word_1_55' title='bbox 934 1397 972 1446; x_wconf 89' lang='lat' dir='ltr'><strong>se</strong></span> <span class='ocrx_word' id='word_1_56' title='bbox 994 1374 1178 1468; x_wconf 83' lang='lat' dir='ltr'><strong>gesserint,</strong></span> <span class='ocrx_word' id='word_1_57' title='bbox 1198 1371 1256 1442; x_wconf 83' lang='lat' dir='ltr'><strong>vel</strong></span> <span class='ocrx_word' id='word_1_58' title='bbox 1278 1372 1331 1441; x_wconf 92' lang='lat' dir='ltr'><strong>in-</strong></span> 
     </span>
     <span class='ocr_line' id='line_1_10' title="bbox 194 1488 1331 1585; baseline 0 -27"><span class='ocrx_word' id='word_1_59' title='bbox 194 1489 405 1582; x_wconf 85' lang='lat' dir='ltr'><strong>tempestiva</strong></span> <span class='ocrx_word' id='word_1_60' title='bbox 425 1513 672 1584; x_wconf 84' lang='lat' dir='ltr'><strong>campanarum</strong></span> <span class='ocrx_word' id='word_1_61' title='bbox 697 1491 904 1585; x_wconf 79' lang='lat' dir='ltr'><strong>pulsatione,</strong></span> <span class='ocrx_word' id='word_1_62' title='bbox 930 1488 1227 1569; x_wconf 85' lang='lat' dir='ltr'><strong>obambulatione,</strong></span> <span class='ocrx_word' id='word_1_63' title='bbox 1252 1511 1331 1582; x_wconf 78' lang='lat' dir='ltr'><strong>gar·</strong></span> 
     </span>
     <span class='ocr_line' id='line_1_11' title="bbox 194 1603 1374 1702; baseline 0.001 -30"><span class='ocrx_word' id='word_1_64' title='bbox 194 1603 277 1684; x_wconf 92' lang='lat' dir='ltr'><strong>ritu,</strong></span> <span class='ocrx_word' id='word_1_65' title='bbox 291 1613 353 1675; x_wconf 91' lang='lat' dir='ltr'><strong>aut</strong></span> <span class='ocrx_word' id='word_1_66' title='bbox 369 1604 437 1676; x_wconf 91' lang='lat' dir='ltr'><strong>alio</strong></span> <span class='ocrx_word' id='word_1_67' title='bbox 454 1607 577 1698; x_wconf 82' lang='lat' dir='ltr'><strong>quovis</strong></span> <span class='ocrx_word' id='word_1_68' title='bbox 589 1609 740 1702; x_wconf 90' lang='lat' dir='ltr'><strong>strepitu</strong></span> <span class='ocrx_word' id='word_1_69' title='bbox 752 1609 1045 1692; x_wconf 78' lang='lat' dir='ltr'><strong>concionatorem,</strong></span> <span class='ocrx_word' id='word_1_70' title='bbox 1058 1605 1116 1676; x_wconf 86' lang='lat' dir='ltr'><strong>vel</strong></span> <span class='ocrx_word' id='word_1_71' title='bbox 1130 1604 1328 1674; x_wconf 90' lang='lat' dir='ltr'><strong>ministrum</strong></span> <span class='ocrx_word' id='word_1_72' title='bbox 1341 1623 1374 1662; x_wconf 85' lang='lat'><strong>10</strong></span> 
     </span>
     <span class='ocr_line' id='line_1_12' title="bbox 195 1718 506 1814; baseline 0.01 -25"><span class='ocrx_word' id='word_1_73' title='bbox 195 1718 506 1814; x_wconf 81' lang='lat' dir='ltr'><strong>interpellaverint.</strong></span> 
     </span>
    </p>
   </div>
   <div class='ocr_carea' id='block_1_5' title="bbox 195 1941 1375 2983">
    <p class='ocr_par' dir='ltr' id='par_1_5' title="bbox 197 1941 1330 2164">
     <span class='ocr_line' id='line_1_13' title="bbox 197 1941 1330 2044; baseline 0.002 -29"><span class='ocrx_word' id='word_1_74' title='bbox 197 1941 319 2016; x_wconf 85' lang='lat' dir='ltr'><strong>CXII.</strong></span> <span class='ocrx_word' id='word_1_75' title='bbox 353 1943 505 2018; x_wconf 79' lang='lat' dir='ltr'><strong>Puberes</strong></span> <span class='ocrx_word' id='word_1_76' title='bbox 528 1946 567 2018; x_wconf 81' lang='lat' dir='ltr'><strong>ia</strong></span> <span class='ocrx_word' id='word_1_77' title='bbox 577 1945 674 2044; x_wconf 81' lang='lat' dir='ltr'><strong>sesto</strong></span> <span class='ocrx_word' id='word_1_78' title='bbox 694 1946 877 2021; x_wconf 77' lang='lat' dir='ltr'><strong>Pascdatis</strong></span> <span class='ocrx_word' id='word_1_79' title='bbox 897 1972 966 2021; x_wconf 82' lang='lat' dir='ltr'><strong>aaa</strong></span> <span class='ocrx_word' id='word_1_80' title='bbox 986 1949 1269 2021; x_wconf 70' lang='lat' dir='ltr'><strong>communicantes</strong></span> <span class='ocrx_word' id='word_1_81' title='bbox 1291 1947 1330 2018; x_wconf 81' lang='lat' dir='ltr'><strong>ia</strong></span> 
     </span>
     <span class='ocr_line' id='line_1_14' title="bbox 606 2062 916 2164; baseline -0.003 -28"><span class='ocrx_word' id='word_1_82' title='bbox 606 2065 715 2136; x_wconf 79' lang='lat' dir='ltr'><strong>curiis</strong></span> <span class='ocrx_word' id='word_1_83' title='bbox 731 2062 916 2164; x_wconf 74' lang='lat' dir='ltr'><strong>dcteyarada&#39;.</strong></span> 
     </span>
    </p>

    <p class='ocr_par' dir='ltr' id='par_1_6' title="bbox 195 2210 1375 2983">
     <span class='ocr_line' id='line_1_15' title="bbox 247 2210 1332 2310; baseline 0 -26"><span class='ocrx_word' id='word_1_84' title='bbox 247 2210 482 2284; x_wconf 86' lang='lat' dir='ltr'><strong>Ecclesiarum</strong></span> <span class='ocrx_word' id='word_1_85' title='bbox 500 2215 761 2309; x_wconf 77' lang='lat' dir='ltr'><strong>parochialium,</strong></span> <span class='ocrx_word' id='word_1_86' title='bbox 778 2225 816 2288; x_wconf 90' lang='lat' dir='ltr'><strong>et</strong></span> <span class='ocrx_word' id='word_1_87' title='bbox 832 2214 1045 2310; x_wconf 75' lang='lat' dir='ltr'><strong>capellanum</strong></span> <span class='ocrx_word' id='word_1_88' title='bbox 1061 2214 1221 2298; x_wconf 89' lang='lat' dir='ltr'><strong>ministri,</strong></span> <span class='ocrx_word' id='word_1_89' title='bbox 1239 2237 1332 2286; x_wconf 86' lang='lat' dir='ltr'><strong>oeco-</strong></span> 
     </span>
     <span class='ocr_line' id='line_1_16' title="bbox 195 2329 1374 2424; baseline 0.001 -28"><span class='ocrx_word' id='word_1_90' title='bbox 195 2329 302 2411; x_wconf 82' lang='lat' dir='ltr'><strong>nomi,</strong></span> <span class='ocrx_word' id='word_1_91' title='bbox 332 2329 562 2421; x_wconf 85' lang='lat' dir='ltr'><strong>inquisitores,</strong></span> <span class='ocrx_word' id='word_1_92' title='bbox 592 2333 666 2404; x_wconf 87' lang='lat' dir='ltr'><strong>sive</strong></span> <span class='ocrx_word' id='word_1_93' title='bbox 696 2333 896 2404; x_wconf 81' lang='lat' dir='ltr'><strong>assistentes</strong></span> <span class='ocrx_word' id='word_1_94' title='bbox 924 2331 1083 2424; x_wconf 88' lang='lat' dir='ltr'><strong>quelibet</strong></span> <span class='ocrx_word' id='word_1_95' title='bbox 1116 2352 1207 2401; x_wconf 86' lang='lat' dir='ltr'><strong>anno</strong></span> <span class='ocrx_word' id='word_1_96' title='bbox 1240 2329 1374 2411; x_wconf 84' lang='lat' dir='ltr'><strong>infra15</strong></span> 
     </span>
     <span class='ocr_line' id='line_1_17' title="bbox 196 2443 1332 2541; baseline 0.001 -27"><span class='ocrx_word' id='word_1_97' title='bbox 196 2443 428 2538; x_wconf 76' lang='lat' dir='ltr'><strong>quadraginta</strong></span> <span class='ocrx_word' id='word_1_98' title='bbox 444 2446 519 2517; x_wconf 88' lang='lat' dir='ltr'><strong>dies</strong></span> <span class='ocrx_word' id='word_1_99' title='bbox 540 2455 621 2540; x_wconf 86' lang='lat' dir='ltr'><strong>post</strong></span> <span class='ocrx_word' id='word_1_100' title='bbox 637 2447 767 2520; x_wconf 89' lang='lat' dir='ltr'><strong>fastum</strong></span> <span class='ocrx_word' id='word_1_101' title='bbox 785 2446 966 2520; x_wconf 87' lang='lat' dir='ltr'><strong>Pascbatis</strong></span> <span class='ocrx_word' id='word_1_102' title='bbox 986 2447 1160 2541; x_wconf 90' lang='lat' dir='ltr'><strong>episcopo,</strong></span> <span class='ocrx_word' id='word_1_103' title='bbox 1177 2445 1234 2516; x_wconf 84' lang='lat' dir='ltr'><strong>vel</strong></span> <span class='ocrx_word' id='word_1_104' title='bbox 1251 2468 1332 2516; x_wconf 86' lang='lat' dir='ltr'><strong>cau·</strong></span> 
     </span>
     <span class='ocr_line' id='line_1_18' title="bbox 196 2559 1331 2658; baseline 0.002 -29"><span class='ocrx_word' id='word_1_105' title='bbox 196 2559 338 2630; x_wconf 90' lang='lat' dir='ltr'><strong>cellario</strong></span> <span class='ocrx_word' id='word_1_106' title='bbox 363 2584 426 2632; x_wconf 91' lang='lat' dir='ltr'><strong>suo</strong></span> <span class='ocrx_word' id='word_1_107' title='bbox 452 2562 670 2635; x_wconf 87' lang='lat' dir='ltr'><strong>exhibebunt</strong></span> <span class='ocrx_word' id='word_1_108' title='bbox 696 2566 839 2635; x_wconf 89' lang='lat' dir='ltr'><strong>nomina</strong></span> <span class='ocrx_word' id='word_1_109' title='bbox 868 2573 906 2635; x_wconf 92' lang='lat' dir='ltr'><strong>et</strong></span> <span class='ocrx_word' id='word_1_110' title='bbox 934 2564 1144 2658; x_wconf 83' lang='lat' dir='ltr'><strong>cognomina</strong></span> <span class='ocrx_word' id='word_1_111' title='bbox 1173 2563 1331 2633; x_wconf 93' lang='lat' dir='ltr'><strong>omnium</strong></span> 
     </span>
     <span class='ocr_line' id='line_1_19' title="bbox 196 2675 1331 2773; baseline 0 -28"><span class='ocrx_word' id='word_1_112' title='bbox 196 2677 378 2770; x_wconf 90' lang='lat' dir='ltr'><strong>utriusque</strong></span> <span class='ocrx_word' id='word_1_113' title='bbox 407 2700 512 2749; x_wconf 88' lang='lat' dir='ltr'><strong>sexus</strong></span> <span class='ocrx_word' id='word_1_114' title='bbox 541 2677 586 2750; x_wconf 93' lang='lat' dir='ltr'><strong>de</strong></span> <span class='ocrx_word' id='word_1_115' title='bbox 615 2701 678 2750; x_wconf 89' lang='lat' dir='ltr'><strong>sua</strong></span> <span class='ocrx_word' id='word_1_116' title='bbox 706 2678 881 2773; x_wconf 87' lang='lat' dir='ltr'><strong>parochia,</strong></span> <span class='ocrx_word' id='word_1_117' title='bbox 910 2677 971 2771; x_wconf 92' lang='lat' dir='ltr'><strong>qui</strong></span> <span class='ocrx_word' id='word_1_118' title='bbox 999 2677 1149 2770; x_wconf 87' lang='lat' dir='ltr'><strong>majores</strong></span> <span class='ocrx_word' id='word_1_119' title='bbox 1178 2675 1331 2746; x_wconf 87' lang='lat' dir='ltr'><strong>sedecim</strong></span> 
     </span>
     <span class='ocr_line' id='line_1_20' title="bbox 196 2793 1333 2886; baseline 0 -23"><span class='ocrx_word' id='word_1_120' title='bbox 196 2793 296 2865; x_wconf 90' lang='lat' dir='ltr'><strong>annis</strong></span> <span class='ocrx_word' id='word_1_121' title='bbox 312 2793 357 2864; x_wconf 84' lang='lat' dir='ltr'><strong>ad</strong></span> <span class='ocrx_word' id='word_1_122' title='bbox 378 2805 633 2866; x_wconf 86' lang='lat' dir='ltr'><strong>sacrosanctam</strong></span> <span class='ocrx_word' id='word_1_123' title='bbox 650 2796 933 2866; x_wconf 89' lang='lat' dir='ltr'><strong>communionem</strong></span> <span class='ocrx_word' id='word_1_124' title='bbox 956 2793 1129 2868; x_wconf 85' lang='lat' dir='ltr'><strong>Paschate</strong></span> <span class='ocrx_word' id='word_1_125' title='bbox 1146 2802 1223 2863; x_wconf 94' lang='lat' dir='ltr'><strong>tum</strong></span> <span class='ocrx_word' id='word_1_126' title='bbox 1247 2816 1333 2886; x_wconf 84' lang='lat' dir='ltr'><strong>prae-</strong></span> 
     </span>
     <span class='ocr_line' id='line_1_21' title="bbox 197 2907 1375 2983; baseline 0.007 -4"><span class='ocrx_word' id='word_1_127' title='bbox 197 2907 347 2980; x_wconf 91' lang='lat' dir='ltr'><strong>cedente</strong></span> <span class='ocrx_word' id='word_1_128' title='bbox 363 2932 434 2981; x_wconf 92' lang='lat' dir='ltr'><strong>non</strong></span> <span class='ocrx_word' id='word_1_129' title='bbox 450 2911 669 2983; x_wconf 82' lang='lat' dir='ltr'><strong>accesserint</strong></span> <span class='ocrx_word' id='word_1_130' title='bbox 1339 2935 1375 2975; x_wconf 85' lang='lat'><strong>20</strong></span> 
     </span>
    </p>
   </div>
   <div class='ocr_carea' id='block_1_6' title="bbox 229 3155 1296 3379">
    <p class='ocr_par' dir='ltr' id='par_1_7' title="bbox 229 3155 1296 3379">
     <span class='ocr_line' id='line_1_22' title="bbox 229 3155 1296 3256; baseline 0.001 -26"><span class='ocrx_word' id='word_1_131' title='bbox 229 3157 372 3231; x_wconf 85' lang='lat' dir='ltr'><strong>CXIII.</strong></span> <span class='ocrx_word' id='word_1_132' title='bbox 409 3155 560 3233; x_wconf 83' lang='lat' dir='ltr'><strong>Peccata</strong></span> <span class='ocrx_word' id='word_1_133' title='bbox 580 3163 716 3234; x_wconf 82' lang='lat' dir='ltr'><strong>notoria</strong></span> <span class='ocrx_word' id='word_1_134' title='bbox 742 3162 913 3234; x_wconf 62' lang='lat' dir='ltr'><strong>miabtaa&#39;s</strong></span> <span class='ocrx_word' id='word_1_135' title='bbox 926 3161 989 3256; x_wconf 81' lang='lat' dir='ltr'><strong>jas</strong></span> <span class='ocrx_word' id='word_1_136' title='bbox 1012 3171 1061 3234; x_wconf 79' lang='lat' dir='ltr'><strong>cat</strong></span> <span class='ocrx_word' id='word_1_137' title='bbox 1081 3157 1296 3243; x_wconf 69' lang='lat' dir='ltr'><strong>dmuaciara</strong></span> 
     </span>
     <span class='ocr_line' id='line_1_23' title="bbox 456 3276 1089 3379; baseline -0.005 -28"><span class='ocrx_word' id='word_1_138' title='bbox 456 3279 624 3374; x_wconf 75' lang='lat' dir='ltr'><strong>priuatim</strong></span> <span class='ocrx_word' id='word_1_139' title='bbox 642 3277 795 3378; x_wconf 82' lang='lat' dir='ltr'><strong>consessa</strong></span> <span class='ocrx_word' id='word_1_140' title='bbox 810 3288 965 3379; x_wconf 72' lang='lat' dir='ltr'><strong>catapera,</strong></span> <span class='ocrx_word' id='word_1_141' title='bbox 982 3276 1089 3374; x_wconf 77' lang='lat' dir='ltr'><strong>assas.</strong></span> 
     </span>
    </p>
   </div>
   <div class='ocr_carea' id='block_1_7' title="bbox 194 3416 1373 4651">
    <p class='ocr_par' dir='ltr' id='par_1_8' title="bbox 194 3416 1373 4566">
     <span class='ocr_line' id='line_1_24' title="bbox 248 3416 1330 3515; baseline -0.004 -27"><span class='ocrx_word' id='word_1_142' title='bbox 248 3416 425 3502; x_wconf 87' lang='lat' dir='ltr'><strong>Quoniam</strong></span> <span class='ocrx_word' id='word_1_143' title='bbox 442 3443 679 3514; x_wconf 70' lang='lat' dir='ltr'><strong>sepenumero</strong></span> <span class='ocrx_word' id='word_1_144' title='bbox 696 3421 879 3515; x_wconf 76' lang='lat' dir='ltr'><strong>contingit,</strong></span> <span class='ocrx_word' id='word_1_145' title='bbox 896 3419 1050 3492; x_wconf 78' lang='lat' dir='ltr'><strong>ecclesia</strong></span> <span class='ocrx_word' id='word_1_146' title='bbox 1066 3438 1275 3499; x_wconf 87' lang='lat' dir='ltr'><strong>oeconomos,</strong></span> <span class='ocrx_word' id='word_1_147' title='bbox 1292 3424 1330 3485; x_wconf 92' lang='lat' dir='ltr'><strong>et</strong></span> 
     </span>
     <span class='ocr_line' id='line_1_25' title="bbox 196 3531 1329 3630; baseline 0.001 -28"><span class='ocrx_word' id='word_1_148' title='bbox 196 3533 419 3626; x_wconf 89' lang='lat' dir='ltr'><strong>inquisitores</strong></span> <span class='ocrx_word' id='word_1_149' title='bbox 448 3536 521 3608; x_wconf 84' lang='lat' dir='ltr'><strong>sive</strong></span> <span class='ocrx_word' id='word_1_150' title='bbox 546 3538 747 3610; x_wconf 88' lang='lat' dir='ltr'><strong>assistentes</strong></span> <span class='ocrx_word' id='word_1_151' title='bbox 775 3537 931 3630; x_wconf 89' lang='lat' dir='ltr'><strong>aliosque</strong></span> <span class='ocrx_word' id='word_1_152' title='bbox 956 3559 977 3607; x_wconf 90' lang='lat' dir='ltr'><strong>e</strong></span> <span class='ocrx_word' id='word_1_153' title='bbox 1003 3535 1111 3620; x_wconf 87' lang='lat' dir='ltr'><strong>laicis,</strong></span> <span class='ocrx_word' id='word_1_154' title='bbox 1138 3531 1265 3626; x_wconf 92' lang='lat' dir='ltr'><strong>quibus</strong></span> <span class='ocrx_word' id='word_1_155' title='bbox 1293 3531 1329 3603; x_wconf 93' lang='lat' dir='ltr'><strong>id</strong></span> 
     </span>
     <span class='ocr_line' id='line_1_26' title="bbox 195 3647 1373 3747; baseline 0.003 -28"><span class='ocrx_word' id='word_1_156' title='bbox 195 3647 311 3731; x_wconf 89' lang='lat' dir='ltr'><strong>officii,</strong></span> <span class='ocrx_word' id='word_1_157' title='bbox 333 3653 557 3745; x_wconf 86' lang='lat' dir='ltr'><strong>munerisque</strong></span> <span class='ocrx_word' id='word_1_158' title='bbox 578 3653 761 3734; x_wconf 91' lang='lat' dir='ltr'><strong>incumbit,</strong></span> <span class='ocrx_word' id='word_1_159' title='bbox 779 3661 820 3724; x_wconf 89' lang='lat' dir='ltr'><strong>ut</strong></span> <span class='ocrx_word' id='word_1_160' title='bbox 839 3676 903 3747; x_wconf 91' lang='lat' dir='ltr'><strong>per</strong></span> <span class='ocrx_word' id='word_1_161' title='bbox 926 3652 1193 3734; x_wconf 81' lang='lat' dir='ltr'><strong>admonitiones,</strong></span> <span class='ocrx_word' id='word_1_162' title='bbox 1214 3671 1373 3743; x_wconf 77' lang='lat' dir='ltr'><strong>repre-25</strong></span> 
     </span>
     <span class='ocr_line' id='line_1_27' title="bbox 195 3763 1330 3862; baseline 0 -26"><span class='ocrx_word' id='word_1_163' title='bbox 195 3763 392 3851; x_wconf 89' lang='lat' dir='ltr'><strong>hensiones,</strong></span> <span class='ocrx_word' id='word_1_164' title='bbox 419 3777 457 3839; x_wconf 90' lang='lat' dir='ltr'><strong>et</strong></span> <span class='ocrx_word' id='word_1_165' title='bbox 482 3768 675 3841; x_wconf 89' lang='lat' dir='ltr'><strong>delationes</strong></span> <span class='ocrx_word' id='word_1_166' title='bbox 701 3770 746 3842; x_wconf 90' lang='lat' dir='ltr'><strong>ad</strong></span> <span class='ocrx_word' id='word_1_167' title='bbox 774 3767 963 3840; x_wconf 86' lang='lat' dir='ltr'><strong>ordinarios</strong></span> <span class='ocrx_word' id='word_1_168' title='bbox 986 3777 1171 3862; x_wconf 89' lang='lat' dir='ltr'><strong>peccatum</strong></span> <span class='ocrx_word' id='word_1_169' title='bbox 1198 3774 1235 3836; x_wconf 88' lang='lat' dir='ltr'><strong>et</strong></span> <span class='ocrx_word' id='word_1_170' title='bbox 1265 3767 1330 3837; x_wconf 92' lang='lat' dir='ltr'><strong>im-</strong></span> 
     </span>
     <span class='ocr_line' id='line_1_28' title="bbox 195 3883 1329 3979; baseline -0.001 -26"><span class='ocrx_word' id='word_1_171' title='bbox 195 3883 364 3974; x_wconf 86' lang='lat' dir='ltr'><strong>pietatem</strong></span> <span class='ocrx_word' id='word_1_172' title='bbox 381 3893 574 3968; x_wconf 86' lang='lat' dir='ltr'><strong>coerceant,</strong></span> <span class='ocrx_word' id='word_1_173' title='bbox 592 3887 719 3979; x_wconf 87' lang='lat' dir='ltr'><strong>partim</strong></span> <span class='ocrx_word' id='word_1_174' title='bbox 742 3909 813 3979; x_wconf 79' lang='lat' dir='ltr'><strong>pra</strong></span> <span class='ocrx_word' id='word_1_175' title='bbox 833 3886 960 3956; x_wconf 90' lang='lat' dir='ltr'><strong>timore</strong></span> <span class='ocrx_word' id='word_1_176' title='bbox 981 3885 1230 3978; x_wconf 89' lang='lat' dir='ltr'><strong>potentiorum,</strong></span> <span class='ocrx_word' id='word_1_177' title='bbox 1252 3905 1329 3976; x_wconf 90' lang='lat' dir='ltr'><strong>par-</strong></span> 
     </span>
     <span class='ocr_line' id='line_1_29' title="bbox 195 4000 1329 4096; baseline 0 -26"><span class='ocrx_word' id='word_1_178' title='bbox 195 4000 261 4071; x_wconf 89' lang='lat' dir='ltr'><strong>tim</strong></span> <span class='ocrx_word' id='word_1_179' title='bbox 279 4023 348 4093; x_wconf 87' lang='lat' dir='ltr'><strong>pras</strong></span> <span class='ocrx_word' id='word_1_180' title='bbox 364 4000 498 4073; x_wconf 88' lang='lat' dir='ltr'><strong>incuria</strong></span> <span class='ocrx_word' id='word_1_181' title='bbox 513 4003 550 4073; x_wconf 92' lang='lat' dir='ltr'><strong>in</strong></span> <span class='ocrx_word' id='word_1_182' title='bbox 572 4003 639 4074; x_wconf 93' lang='lat' dir='ltr'><strong>hoc</strong></span> <span class='ocrx_word' id='word_1_183' title='bbox 656 4001 770 4074; x_wconf 89' lang='lat' dir='ltr'><strong>officio</strong></span> <span class='ocrx_word' id='word_1_184' title='bbox 793 4001 987 4096; x_wconf 82' lang='lat' dir='ltr'><strong>praestando</strong></span> <span class='ocrx_word' id='word_1_185' title='bbox 1009 4000 1221 4072; x_wconf 89' lang='lat' dir='ltr'><strong>remissiores</strong></span> <span class='ocrx_word' id='word_1_186' title='bbox 1241 4021 1329 4083; x_wconf 86' lang='lat' dir='ltr'><strong>esse,</strong></span> 
     </span>
     <span class='ocr_line' id='line_1_30' title="bbox 195 4117 1330 4213; baseline -0.001 -26"><span class='ocrx_word' id='word_1_187' title='bbox 195 4137 302 4208; x_wconf 86' lang='lat' dir='ltr'><strong>quam</strong></span> <span class='ocrx_word' id='word_1_188' title='bbox 334 4139 397 4210; x_wconf 89' lang='lat' dir='ltr'><strong>par</strong></span> <span class='ocrx_word' id='word_1_189' title='bbox 426 4126 490 4202; x_wconf 84' lang='lat' dir='ltr'><strong>ast,</strong></span> <span class='ocrx_word' id='word_1_190' title='bbox 520 4120 548 4190; x_wconf 90' lang='lat' dir='ltr'><strong>si</strong></span> <span class='ocrx_word' id='word_1_191' title='bbox 580 4119 707 4190; x_wconf 90' lang='lat' dir='ltr'><strong>horum</strong></span> <span class='ocrx_word' id='word_1_192' title='bbox 736 4129 935 4213; x_wconf 87' lang='lat' dir='ltr'><strong>temporum</strong></span> <span class='ocrx_word' id='word_1_193' title='bbox 964 4117 1144 4190; x_wconf 86' lang='lat' dir='ltr'><strong>licentiam</strong></span> <span class='ocrx_word' id='word_1_194' title='bbox 1173 4117 1330 4188; x_wconf 89' lang='lat' dir='ltr'><strong>consido-</strong></span> 
     </span>
     <span class='ocr_line' id='line_1_31' title="bbox 194 4234 1373 4327; baseline 0.002 -25"><span class='ocrx_word' id='word_1_195' title='bbox 194 4251 335 4317; x_wconf 89' lang='lat' dir='ltr'><strong>remus;</strong></span> <span class='ocrx_word' id='word_1_196' title='bbox 360 4235 547 4306; x_wconf 89' lang='lat' dir='ltr'><strong>statuimus</strong></span> <span class='ocrx_word' id='word_1_197' title='bbox 572 4242 610 4306; x_wconf 86' lang='lat' dir='ltr'><strong>et</strong></span> <span class='ocrx_word' id='word_1_198' title='bbox 634 4235 844 4317; x_wconf 90' lang='lat' dir='ltr'><strong>ordinamus,</strong></span> <span class='ocrx_word' id='word_1_199' title='bbox 865 4244 907 4306; x_wconf 91' lang='lat' dir='ltr'><strong>ut</strong></span> <span class='ocrx_word' id='word_1_200' title='bbox 931 4234 1069 4306; x_wconf 89' lang='lat' dir='ltr'><strong>licitum</strong></span> <span class='ocrx_word' id='word_1_201' title='bbox 1094 4234 1258 4327; x_wconf 90' lang='lat' dir='ltr'><strong>deinceps</strong></span> <span class='ocrx_word' id='word_1_202' title='bbox 1283 4235 1373 4327; x_wconf 80' lang='lat' dir='ltr'><strong>sit30</strong></span> 
     </span>
     <span class='ocr_line' id='line_1_32' title="bbox 194 4347 1328 4446; baseline 0.003 -28"><span class='ocrx_word' id='word_1_203' title='bbox 194 4347 339 4442; x_wconf 80' lang='lat' dir='ltr'><strong>singulis</strong></span> <span class='ocrx_word' id='word_1_204' title='bbox 364 4349 553 4423; x_wconf 83' lang='lat' dir='ltr'><strong>lectoribus</strong></span> <span class='ocrx_word' id='word_1_205' title='bbox 578 4375 619 4424; x_wconf 91' lang='lat' dir='ltr'><strong>ac</strong></span> <span class='ocrx_word' id='word_1_206' title='bbox 644 4353 789 4434; x_wconf 83' lang='lat' dir='ltr'><strong>vicariis,</strong></span> <span class='ocrx_word' id='word_1_207' title='bbox 814 4359 878 4423; x_wconf 90' lang='lat' dir='ltr'><strong>aut</strong></span> <span class='ocrx_word' id='word_1_208' title='bbox 901 4352 998 4445; x_wconf 80' lang='lat' dir='ltr'><strong>(ipsis</strong></span> <span class='ocrx_word' id='word_1_209' title='bbox 1022 4350 1180 4446; x_wconf 83' lang='lat' dir='ltr'><strong>legitime</strong></span> <span class='ocrx_word' id='word_1_210' title='bbox 1205 4350 1328 4421; x_wconf 90' lang='lat' dir='ltr'><strong>absen-</strong></span> 
     </span>
     <span class='ocr_line' id='line_1_33' title="bbox 194 4464 1328 4566; baseline 0.004 -31"><span class='ocrx_word' id='word_1_211' title='bbox 194 4464 304 4560; x_wconf 82' lang='lat' dir='ltr'><strong>tibus)</strong></span> <span class='ocrx_word' id='word_1_212' title='bbox 329 4465 452 4538; x_wconf 75' lang='lat' dir='ltr'><strong>¹eorum</strong></span> <span class='ocrx_word' id='word_1_213' title='bbox 479 4471 618 4566; x_wconf 82' lang='lat' dir='ltr'><strong>auratIs,</strong></span> <span class='ocrx_word' id='word_1_214' title='bbox 642 4480 681 4542; x_wconf 89' lang='lat' dir='ltr'><strong>et</strong></span> <span class='ocrx_word' id='word_1_215' title='bbox 708 4466 918 4552; x_wconf 89' lang='lat' dir='ltr'><strong>substitutis,</strong></span> <span class='ocrx_word' id='word_1_216' title='bbox 943 4490 1025 4539; x_wconf 91' lang='lat' dir='ltr'><strong>cum</strong></span> <span class='ocrx_word' id='word_1_217' title='bbox 1054 4466 1208 4540; x_wconf 77' lang='lat' dir='ltr'><strong>ccclesia</strong></span> <span class='ocrx_word' id='word_1_218' title='bbox 1236 4490 1328 4539; x_wconf 85' lang='lat' dir='ltr'><strong>oeoo-</strong></span> 
     </span>
    </p>

    <p class='ocr_par' dir='ltr' id='par_1_9' title="bbox 738 4601 796 4651">
     <span class='ocr_line' id='line_1_34' title="bbox 738 4601 796 4651; baseline -0.017 0"><span class='ocrx_word' id='word_1_219' title='bbox 738 4601 796 4651; x_wconf 77' lang='lat' dir='ltr'><strong>aa</strong></span> 
     </span>
    </p>
   </div>
   <div class='ocr_carea' id='block_1_8' title="bbox 0 0 1574 4972">
    <p class='ocr_par' dir='ltr' id='par_1_10' title="bbox 0 0 1574 4972">
     <span class='ocr_line' id='line_1_35' title="bbox 0 0 1574 4972; baseline 0 0"><span class='ocrx_word' id='word_1_220' title='bbox 0 0 1574 4972; x_wconf 95' lang='lat' dir='ltr'><strong> </strong></span> 
     </span>
    </p>
   </div>
  </div>
 </body>
</html>
