3140 4972
257 183 322 247 180
480 181 698 247 mallatione
713 181 779 246 aad
794 182 918 246 canons
934 179 1174 246 Ecclesabsta'col.
1337 179 1397 266 [V.

258 358 468 451 signiacum
490 361 699 430 continuum
724 367 762 428 et
786 356 987 452 generalem
1012 359 1184 440 extitisse,
1201 377 1248 427 ex
1274 355 1399 428 multis

257 483 398 567 patrum
414 477 625 547 testimoniis
642 476 825 569 perspicue
843 473 1049 544 declaratur.

306 591 427 662 Tertio
453 593 635 664 fatendum
662 605 725 676 est,
749 593 863 664 crucis
888 591 1027 684 signum
1053 591 1202 660 decursu
1226 590 1398 682 temporis

256 707 293 776 in
318 707 465 779 ecclesia
488 709 649 779 Romana
672 731 795 804 graves
821 709 950 779 abusus
977 706 1173 799 pertulisse,
1203 706 1398 800 presertim

256 833 442 917 postquam
468 848 546 896 eam
572 828 720 919 papismi
747 825 843 895 lobes
868 847 909 894 ao
926 821 1126 915 corruptela
1142 822 1252 894 semel
1274 840 1424 915 perra-5

257 949 359 1010 serat.
411 940 588 1012 Caeterum
622 944 673 1013 rei
706 943 834 1014 abusus
867 939 1068 1034 legitimum
1102 941 1260 1034 ejusdem
1293 963 1398 1012 usum

256 1080 479 1150 nequaquam
495 1059 601 1130 tollit.
644 1057 724 1131 Imo
741 1067 880 1130 tantum
898 1058 1030 1141 aberet,
1047 1067 1089 1129 ut
1106 1057 1255 1130 eeclesia
1271 1056 1400 1153 Angli-

257 1196 345 1245 cana
361 1175 406 1244 ab
424 1173 546 1258 Italiae,
570 1175 705 1259 Galliae,
724 1175 914 1268 Hispania,
932 1173 1139 1257 Germanias,
1158 1174 1279 1245 aliisve
1302 1174 1399 1246 simi-

258 1290 350 1362 libus
373 1291 529 1362 ecclesiis
552 1293 703 1364 voluerit
728 1315 791 1386 per
816 1293 933 1363 omnia
958 1292 1131 1376 recedere,
1150 1292 1317 1384 quicquid
1339 1313 1399 1363 eas

258 1409 363 1479 sciret
387 1417 518 1491 tenere,
535 1417 598 1480 aut
615 1411 810 1492 observare,
828 1418 870 1479 ut
888 1409 997 1500 (quod
1020 1409 1175 1480 eeclesiae
1192 1407 1399 1503 Anglioanae
1410 1428 1444 1468 10

258 1523 420 1619 apologia
436 1525 634 1618 profitetur)
652 1526 867 1596 ceremonias
884 1523 961 1596 illas
979 1548 1061 1596 eum
1078 1528 1276 1596 reverentia
1292 1526 1401 1597 susci-

258 1650 368 1736 peret,
386 1664 471 1733 quas
489 1643 577 1713 eitra
603 1642 761 1714 ecclesiae
783 1643 1057 1726 incommodum,
1076 1666 1117 1713 ao
1140 1643 1324 1714 hominum
1345 1667 1401 1715 so-

259 1758 414 1829 briorum
445 1758 672 1830 offensionem
701 1761 844 1831 retineri
873 1782 975 1853 posse
1005 1767 1181 1845 senserat3
1220 1760 1322 1831 etin
1357 1761 1400 1832 iis

260 1883 399 1945 tantum
416 1875 572 1946 articulis
590 1900 611 1946 a
627 1859 802 1970 praedictis
819 1875 975 1949 eeclesiis
992 1877 1201 1961 dissentiret,
1219 1879 1256 1947 in
1272 1877 1400 1970 quibus

261 1992 394 2063 eadem
424 1992 510 2084 ipsae
534 2000 614 2063 tum
638 2016 660 2063 a
681 1993 827 2086 pristina
852 2015 915 2064 sua
939 1994 1143 2088 integritate
1168 1995 1264 2087 prius
1290 1993 1446 2064 desei-15

260 2115 393 2190 verant,
407 2116 485 2177 tum
498 2109 606 2180 etiam
623 2109 668 2179 ab
682 2109 838 2181 eeclesiis
850 2108 1061 2202 apostolicis,
1074 2133 1096 2180 a
1108 2109 1234 2202 quibus
1247 2109 1402 2203 primum

261 2231 345 2296 sunt
378 2225 631 2316 proseminatae.
689 2223 769 2309 Quo
803 2227 947 2318 quidem
980 2235 1153 2319 respectu,
1183 2227 1275 2297 inter
1316 2224 1402 2296 alias

261 2363 397 2435 magnae
426 2341 612 2414 vetustatis
641 2344 868 2428 ceremonias,
897 2345 1005 2414 etiam
1035 2352 1073 2414 et
1103 2345 1215 2414 crucis
1248 2343 1285 2413 in
1316 2342 1403 2436 bap-

261 2458 367 2528 tismo
392 2457 531 2550 signum
556 2457 592 2526 in
618 2456 766 2529 ecclesia
788 2458 988 2554 Anglicana
1009 2469 1063 2530 est
1088 2468 1278 2543 retentum,
1295 2461 1402 2553 idque

264 2597 310 2644 ex
320 2575 456 2666 judicio
472 2583 510 2644 et
533 2575 632 2666 praxi
650 2576 902 2647 venerabilium
924 2576 1065 2646 illorum
1087 2587 1238 2669 patrum,
1255 2593 1448 2671 magno-20

264 2715 413 2784 rumque
442 2692 599 2785 inprimis
626 2691 882 2786 theologorum,
913 2693 973 2785 qui
1011 2701 1181 2786 regnante
1212 2691 1400 2764 Edovardo

265 2817 366 2879 sexto
395 2809 433 2878 in
461 2809 586 2879 eadem
615 2808 836 2894 claruerunt3
885 2831 1034 2902 quorum
1064 2809 1123 2880 alii
1157 2811 1322 2903 deinceps
1355 2809 1403 2882 ob

265 2947 355 2996 verae
371 2924 453 2995 fidei
468 2925 719 3018 professionem
735 2928 940 3020 martyrium
953 2935 1155 2998 constanter
1170 2927 1401 3020 pertulerunt,

265 3043 324 3114 alii
349 3043 478 3137 reginae
504 3041 629 3114 Marias
652 3043 870 3137 temporibus
896 3043 1090 3127 exulantes,
1108 3067 1149 3114 ac
1172 3044 1237 3115 sub
1260 3044 1403 3114 initium

265 3163 364 3257 regni
393 3162 618 3234 serenissimae
652 3164 780 3256 reginae
813 3183 927 3255 nuper
959 3161 1134 3232 defunctae
1162 3163 1200 3231 in
1233 3159 1449 3255 Angliamss

266 3279 406 3360 reversi,
436 3303 499 3373 pro
523 3278 591 3350 hoc
621 3278 720 3373 signo
745 3301 883 3372 semper
911 3285 1098 3360 steterunt,
1127 3279 1272 3369 ejusque
1298 3301 1403 3349 usum

267 3394 441 3488 exemplo,
463 3419 505 3466 ac
529 3397 629 3488 praxi
652 3419 715 3468 sua
733 3403 906 3488 perpetuo
927 3394 1228 3464 commendarunt.
1278 3392 1404 3487 Atque

265 3511 334 3582 hoc
351 3510 506 3583 eeclesiae
530 3521 657 3583 nostrae
676 3513 850 3604 judicium
873 3520 910 3582 et
930 3511 1047 3603 praxis
1071 3511 1299 3603 comprobata
1321 3521 1405 3582 sunt

266 3635 346 3697 tum
362 3651 425 3721 per
441 3651 635 3713 censuram,
654 3653 731 3722 quae
748 3631 792 3700 de
809 3627 898 3698 libro
914 3627 1064 3720 publicae
1081 3626 1231 3720 liturgias
1244 3636 1405 3720 ternpore

269 3743 444 3816 Edovardi
475 3747 566 3816 sexti
596 3746 782 3829 ferebatur,
811 3755 889 3817 turn
914 3746 1022 3816 etiam
1051 3767 1115 3837 per
1144 3745 1403 3816 confessionum
1412 3768 1450 3824 30

267 3860 485 3932 harmoniam
502 3863 754 3933 recentioribus
776 3864 875 3933 annis
898 3860 1136 3954 publicatam3
1167 3861 1334 3953 quoniam
1351 3862 1406 3932 ni·

267 3979 395 4048 mirum
413 3979 517 4071 hujus
534 3981 623 4073 signi
640 3981 677 4050 in
693 3980 868 4073 baptismo
885 4000 968 4050 usus
987 3977 1024 4047 in
1042 3977 1189 4048 eeclesia
1206 3975 1406 4072 Anglieana

268 4096 429 4188 congruis
462 4096 624 4167 omnibus
657 4119 698 4167 ac
728 4097 861 4167 idoneis
895 4092 1042 4167 cautelis
1071 4103 1108 4164 et
1137 4094 1404 4186 exceptionibus

268 4219 391 4282 contra
411 4213 615 4305 papisticarn
640 4213 924 4306 superstitionem
945 4220 1051 4302 atque
1073 4231 1223 4279 errorem
1245 4210 1404 4280 munitus

268 4347 406 4416 semper
422 4324 501 4408 fuit,
519 4335 623 4418 prout
640 4327 676 4395 in
695 4327 865 4417 ejusmodi
882 4325 1019 4396 casibus
1036 4322 1111 4392 fieri
1129 4323 1302 4394 convenit.
1412 4353 1447 4410 35
