3140 4972
212 196 322 284 1604]
436 199 653 266 Ccmtibrtions
668 201 736 292 ond
752 203 874 265 &noas
889 199 1133 264 Ecclesiastical.
1286 201 1348 268 171

209 373 335 456 tendis,
353 383 391 444 et
414 376 548 448 eisdem
565 377 803 459 emendandis,
821 379 858 446 in
876 377 1048 448 charitate
1074 399 1157 446 cum
1178 375 1348 468 proximis

209 487 335 576 (sicubi
363 490 445 561 laesa
471 493 589 580 fuerit)
621 492 890 576 reconcilianda,
917 493 953 562 in
977 515 1075 564 sacra
1100 492 1349 562 communione

207 607 361 698 corporis
374 617 412 678 et
428 609 607 702 sanguinis
620 609 787 679 dominici
805 609 1070 700 frequentanda,
1082 609 1121 678 in
1136 608 1350 702 pauperibus

200 721 377 812 juvandis,
401 731 439 794 et
466 725 604 818 aegrotis
627 725 818 808 visitandis,
841 727 936 818 piam
962 749 1105 797 omnem
1128 749 1170 796 ac
1196 723 1348 796 sobriam

207 838 508 910 conversationem
525 841 667 912 interim
685 841 905 912 adhibentes.
1214 933 1225 956 ³
1356 860 1374 919 5

208 1087 317 1160 XIV.
350 1038 524 1190 Liturpica
542 1090 693 1187 publice
711 1092 939 1188 proscriptus
964 1115 1074 1164 canoa
1097 1089 1216 1164 dicbus
1237 1090 1348 1162 sacris

661 1208 899 1282 observandus.

257 1358 419 1454 biturgia
445 1360 587 1452 publica
617 1363 795 1444 distincte,
825 1371 863 1432 et
890 1361 1012 1432 debita
1041 1382 1123 1432 cum
1152 1359 1350 1430 reverentia

207 1471 355 1567 legetur,
372 1475 428 1546 vel
455 1486 602 1548 canetur
621 1479 659 1548 iu
681 1476 752 1548 illis
778 1477 912 1562 diebus,
930 1486 967 1548 et
991 1498 1113 1547 eorum
1132 1475 1269 1568 vigiliis,
1288 1473 1350 1566 qui

206 1590 243 1658 in
269 1589 358 1660 libro
381 1615 525 1684 precum
551 1593 771 1686 publicarum
795 1595 883 1665 sacri
908 1617 949 1664 ac
970 1593 1088 1664 festivi
1110 1594 1393 1686 designantur,ro

205 1704 371 1798 horisque
405 1710 598 1780 eorundem
632 1710 806 1805 congruis,
839 1719 877 1779 et
910 1711 1060 1791 usitatis,
1093 1720 1200 1801 atque
1234 1709 1271 1778 in
1304 1730 1348 1777 eo

207 1823 429 1914 potissimum
455 1824 611 1895 ecclesias
636 1826 806 1918 cujusque
831 1825 919 1910 loco,
944 1827 1004 1918 qui
1030 1826 1195 1917 episcopo
1221 1824 1349 1894 dioece-

210 1961 306 2021 sano,
336 1939 393 2010 vel
428 1940 495 2013 loci
529 1941 703 2013 ordinario
739 1942 889 2030 (ratione
922 1941 978 2012 vel
1016 1940 1257 2033 amplitudinis
1291 1939 1348 2009 uel

201 2057 393 2148 angustie)
429 2058 740 2140 commodissimus,
775 2083 816 2129 ac
850 2059 894 2128 ad
928 2057 1050 2150 populi
1079 2056 1347 2126 aedificationem

205 2173 362 2242 maxime
391 2182 609 2265 opportunus
639 2175 825 2245 videbitur.
890 2173 1029 2268 Singuli
1058 2175 1166 2244 etiam
1195 2171 1346 2242 ministri
1358 2191 1391 2250 15

206 2286 361 2357 studiose
378 2289 614 2361 observabunt
631 2291 804 2375 instituta,
818 2291 917 2371 ritus,
929 2299 966 2360 et
979 2290 1194 2360 ceremonias
1213 2311 1345 2369 omnes,

206 2403 338 2494 quaein
355 2404 451 2474 dicto
469 2404 558 2476 libro
581 2408 861 2499 praescribuntur,
880 2415 954 2476 tam
977 2407 1014 2476 in
1038 2405 1143 2476 saeris
1167 2404 1346 2496 scripturis

181 2518 374 2612 legendis,
401 2543 442 2590 ac
466 2523 628 2612 precibus
653 2523 851 2605 recitandis,
869 2545 977 2615 quam
1000 2523 1037 2591 in
1061 2519 1346 2592 administrandis

206 2637 442 2719 sacramentis,
465 2636 596 2729 absque
623 2637 697 2709 ulla
722 2641 795 2710 sive
819 2639 975 2708 materiae
1005 2627 1079 2707 sire
1101 2637 1222 2707 formae
1247 2637 1347 2706 addi·

206 2751 315 2836 tione,
331 2760 394 2822 aut
411 2752 653 2838 diminutione,
671 2763 833 2849 respectu
852 2755 908 2825 vel
925 2754 1113 2836 concionis,
1126 2751 1183 2822 vel
1200 2752 1345 2824 alterius
1355 2780 1390 2820 πο

206 2891 318 2939 causae
335 2869 584 2963 cujuscunque.

272 3133 361 3205 XV.
390 3131 537 3207 Litonia
552 3133 669 3207 diebus
685 3133 862 3206 Mercurii
878 3143 910 3206 et
930 3131 1070 3204 Veneris
1087 3130 1277 3228 recitando.

256 3303 398 3374 bitania
419 3327 441 3374 a
460 3303 663 3388 rectoribus,
685 3302 831 3385 vicanis,
854 3301 1031 3383 ministris,
1055 3302 1129 3371 sive
1152 3301 1281 3370 curetis
1308 3300 1344 3370 in

206 3419 473 3500 cathedralibus,
508 3418 713 3513 collegiatis,
747 3426 786 3490 et
819 3417 1075 3512 parochialibus
1109 3415 1266 3488 ecclesiis
1303 3440 1344 3487 ac

206 3536 349 3628 capellis
374 3537 549 3618 omnibus
566 3558 758 3626 eorumque
779 3533 858 3605 loco
881 3533 998 3625 aliquo
1024 3535 1256 3604 conveniente
1280 3556 1388 3625 pr025

204 3652 376 3723 arbitratu
392 3653 547 3747 episcopi
565 3653 762 3733 dioecesani,
779 3650 836 3722 vel
860 3651 927 3722 loci
950 3651 1113 3723 ordinarii
1137 3650 1344 3722 recitabitur

207 3769 263 3840 vel
280 3782 428 3840 canetur
443 3769 512 3840 illis
529 3769 757 3863 temporibus,
775 3776 813 3839 et
830 3768 895 3840 sub
913 3791 955 3838 ea
970 3769 1094 3850 forma,
1108 3791 1184 3860 quae
1200 3767 1237 3836 in
1254 3766 1345 3837 libro

206 3886 355 3980 publicae
368 3886 518 3981 liturgiae
532 3887 784 3980 praestituitur3
811 3909 853 3957 ac
867 3875 922 3974 (ut
935 3886 1129 3957 restrictius
1145 3885 1344 3978 loquamur)

206 4002 352 4096 singulis
377 4003 500 4074 diebus
521 4003 693 4075 Mercurii
716 4010 754 4074 et
771 4003 924 4076 Veneris
941 4001 1093 4092 (etiamsi
1122 4025 1193 4073 non
1213 4002 1346 4074 fuerint

206 4121 337 4212 festivi)
365 4121 525 4190 minister
550 4121 596 4191 ad
624 4121 726 4192 horas
754 4119 881 4190 divinis
908 4119 1070 4211 precibus
1097 4127 1283 4189 consuetas
1308 4119 1343 4189 in
1353 4147 1390 4204 30

206 4235 355 4308 ecclesia
378 4247 441 4308 aut
464 4237 599 4330 capella
620 4247 747 4330 praesto
773 4238 851 4320 erit,
880 4259 921 4306 ac
944 4235 1076 4328 populo
1102 4257 1166 4328 per
1190 4237 1345 4320 sonitum

206 4361 384 4446 campanae
406 4362 610 4437 convocato,
632 4353 792 4423 litaniam
815 4354 851 4423 in
876 4353 971 4424 dicto
996 4351 1085 4423 libro
1108 4353 1345 4446 prescriptam

206 4469 389 4555 recitabit3
418 4473 475 4541 cui
504 4469 632 4564 singuli
658 4470 936 4564 patresfamilias,
954 4470 1014 4562 qui
1037 4467 1230 4563 praesertim
1256 4467 1346 4538 infra
