3128 4962
170 275 276 362 cas
563 267 904 356 samonaos·

323 555 327 562 ·
394 538 445 604 16.
491 532 1085 625 [Blcspdoms'cincpin'tumtonotum.

205 670 415 757 Blasphemis
442 669 477 738 in
500 669 654 756 Spiritum
677 669 829 736 Sanctum
854 680 913 748 est,
935 689 1009 733 cum
1029 666 1102 753 quis
1122 664 1306 732 Verborum

165 775 229 843 Dei
249 775 418 842 manifeste
436 785 620 860 perceptam
638 775 815 854 veritatem,
835 795 877 838 ex
895 771 1015 838 malitia
1036 782 1069 836 et
1089 769 1307 835 obfirmatione

165 879 275 958 animi,
310 877 456 943 convitiis
491 878 674 956 insectatur,
702 887 736 941 et
761 875 917 942 hostiliter
952 873 1139 960 insequitur.
1197 873 1307 958 Atque

165 981 364 1070 hujusmodi,
388 979 465 1066 quia
488 979 656 1045 maledicto
682 990 757 1045 sunt
781 978 924 1058 obnoxii,
948 977 1133 1065 gravissimo
1159 999 1228 1042 sese
1253 976 1332 1052 aid-5

166 1085 332 1172 stringunt
360 1083 482 1150 sceleri.
540 1082 639 1148 Unde
668 1082 790 1168 peccati
818 1082 880 1148 hoo
908 1103 1010 1168 genus
1036 1079 1260 1146 Irremissibile
1288 1071 1309 1144 'd

167 1189 310 1255 Domino
326 1185 516 1272 appellatur,
531 1196 564 1250 et
577 1183 778 1276 affirmatum]

353 1571 356 1578 Ι
386 1492 444 1566 17.
494 1483 552 1559 De
561 1481 867 1580 predestinatam
883 1492 915 1556 et
931 1481 1098 1556 ekotione.

218 1637 491 1710 Praedestinatio
515 1635 560 1708 ad
584 1636 695 1708 vitam
719 1643 775 1708 est
799 1643 970 1708 oetemum
988 1635 1057 1706 Dei
1081 1633 1310 1729 propositum,

170 1779 240 1849 quo
270 1761 358 1826 ante
385 1753 485 1847 jacta
515 1752 641 1824 mundi
669 1751 900 1825 fundamenta
929 1776 993 1825 suo
1022 1752 1176 1836 consilio,
1210 1750 1311 1822 nobis
1321 1772 1354 1812 10

170 1871 318 1966 quidem
342 1867 492 1954 occulto,
512 1876 714 1941 constanter
735 1870 894 1941 decrevit
915 1891 975 1940 eos
992 1892 1079 1962 quos
1096 1867 1118 1913 *
1135 1867 1244 1962 elegit
1266 1891 1313 1964 err

170 1989 358 2059 hominum
391 2008 531 2081 genere,
557 1983 581 2057 ἰ
604 1984 795 2056 maledicto
821 1993 859 2056 et
883 1986 995 2056 exitio
1021 1985 1179 2068 liberare,
1204 1991 1312 2077 atque

171 2115 213 2178 ut
238 2128 325 2178 vasa
351 2103 390 2175 in
418 2102 588 2174 honorem
618 2101 745 2188 efficta,
771 2126 836 2196 per
863 2101 1045 2174 Christum
1073 2102 1118 2174 ad
1145 2108 1313 2172 aternam

172 2222 329 2294 salutem
351 2220 548 2292 adducere:
573 2219 746 2312 undequi
769 2227 844 2290 tam
869 2217 1033 2312 praeclaro
1052 2217 1121 2289 Dei
1141 2215 1313 2288 beneficio

173 2346 256 2410 sunt
271 2337 406 2420 donati,
424 2333 476 2406 illi
499 2337 625 2430 spiritu
640 2336 715 2429 ejus
732 2343 929 2429 opportuno
952 2343 1113 2428 ternpore
1135 2341 1312 2429 operante,
1324 2359 1355 2416 15

173 2453 372 2526 secundum
393 2452 613 2546 propositum
638 2453 713 2546 ejus
736 2459 923 2524 vocantur:
950 2451 1124 2523 vocationi
1152 2472 1215 2544 per
1237 2473 1315 2545 gra-

175 2570 261 2642 tiam
291 2576 440 2665 parent:
469 2567 712 2662 justificantur
735 2569 865 2662 gratis:
904 2568 1118 2663 adoptantur
1140 2568 1179 2638 in
1200 2567 1313 2639 filiosz

174 2686 351 2783 unigeniti
367 2684 392 2756 J
394 2704 461 2758 rau
478 2684 631 2756 Cnmsrt
652 2685 797 2780 imagini
815 2683 1015 2756 efficiuntur
1031 2684 1251 2756 conformes:
1276 2683 1315 2754 in

175 2803 277 2876 bonis
311 2801 476 2895 operibus
508 2810 629 2873 sancte
662 2800 873 2873 ambulant:
916 2809 954 2872 et
987 2801 1130 2871 demum
1164 2823 1211 2872 ex
1245 2799 1315 2872 Dei

176 2916 416 2992 misericordia
430 2915 637 3011 pertingnrnt
652 2916 697 2988 ad
714 2916 963 3009 sempiternam
980 2917 1200 2989 felicitatem.
1326 2949 1361 2990 ιο

225 3033 538 3120 Quemadmodum
555 3033 868 3126 praedestinationis
884 3042 922 3105 et
938 3033 1120 3106 electionis
1136 3041 1263 3105 nostrae
1279 3034 1317 3104 in

179 3151 322 3225 Christo
343 3151 402 3244 pia
422 3149 666 3238 consideratio,
684 3150 806 3234 dulcis,
823 3151 949 3236 suavis,
966 3159 1005 3224 et
1028 3149 1214 3222 ineffabilis
1235 3172 1318 3221 oon·

179 3269 361 3342 solutionis
387 3267 492 3361 plena
519 3274 574 3338 est
599 3290 681 3338 vere
706 3268 783 3362 piis,
812 3277 849 3339 et
870 3267 926 3340 his
951 3268 1011 3362 qui
1036 3267 1195 3339 sentiunt
1219 3267 1257 3337 in
1279 3287 1318 3337 se

179 3387 250 3456 vim
275 3383 419 3480 spiritus
435 3382 596 3466 Carusm,
613 3383 708 3455 facta
727 3385 851 3468 carnis,
868 3392 907 3455 et
928 3383 1088 3456 membra
1102 3406 1180 3476 quae
1202 3381 1318 3456 adhuc

182 3508 264 3573 sunt
287 3521 393 3593 super
409 3507 539 3570 terram
555 3500 840 3586 mortificantem,
856 3503 1083 3596 animumque
1099 3502 1144 3574 ad
1161 3501 1361 3589 coelestiam

182 3626 220 3688 et
236 3639 388 3710 superna
403 3617 610 3710 rapientem,
628 3624 707 3688 tum
724 3618 807 3710 quia
825 3617 933 3689 fidem
948 3626 1104 3690 nostram
1128 3619 1173 3690 de
1190 3627 1320 3690 aterna

184 3731 297 3804 salute
314 3733 559 3825 consequenda
574 3755 638 3826 per
650 3733 841 3818 Christum,
854 3734 1045 3829 plurimum
1063 3736 1196 3807 stabilit
1212 3745 1319 3828 atque

184 3849 380 3932 confirmat,
410 3854 487 3918 tum
514 3849 597 3941 quia
628 3871 784 3921 amorem
813 3859 973 3922 nostrum
1002 3853 1040 3923 in
1067 3853 1185 3924 Deum
1216 3851 1320 3922 vehe-

184 3973 324 4037 menter
348 3964 531 4036 accendit:
568 3963 626 4037 Ita
651 3964 852 4038 hominibus
877 3969 1029 4053 curiosis,
1053 3967 1260 4052 carnalibus,
1283 3975 1321 4038 et

185 4082 309 4173 spiritu
325 4079 477 4152 (inhiant
493 4081 683 4182 destitutis,
700 4083 747 4154 ob
763 4082 883 4156 oculos
898 4094 1070 4178 perpetuo
1088 4085 1216 4155 versari
1235 4105 1364 4178 prm-30

187 4197 429 4272 destinationis
446 4197 516 4269 Dei
533 4200 755 4286 sententiam,
771 4201 1103 4294 perniciosissimum
1127 4209 1181 4272 est
1203 4199 1322 4295 praeci-

187 4313 323 4404 pitium,
336 4317 432 4388 unde
447 4314 527 4386 illos
544 4315 703 4388 diabolus
717 4319 892 4411 pertrudit
904 4317 962 4390 vel
978 4320 1015 4389 in
1032 4319 1321 4412 desperationem,

188 4429 244 4501 vel
267 4433 305 4503 in
330 4456 430 4526 aeque
453 4432 684 4525 perniciosam
713 4433 955 4528 impurissimae
980 4437 1061 4506 vitae
1085 4436 1321 4506 securitatem.

190 4544 327 4622 Deinde
341 4553 434 4642 [licet
445 4551 729 4639 predestinationis
744 4555 871 4621 decreta
891 4567 967 4620 sunt
986 4555 1078 4621 nobis
1094 4553 1229 4643 ignota]
1245 4573 1324 4645 pro-
