3156 4968
203 201 314 290 1604]
425 201 645 268 Caucason
660 201 727 267 aad
740 203 865 268 Canens
880 199 1122 266 Eecbdadical.
1273 200 1339 266 sat

201 385 306 470 prout
323 378 483 470 superius
500 379 634 449 dictum
651 385 715 461 est,
732 377 949 448 subscribere
965 379 1191 448 tenebuntur.
1232 374 1338 459 Quod

202 494 231 564 si
265 493 380 564 facere
408 496 654 576 recusaverint,
680 516 703 566 a
734 515 920 565 munerum
953 516 1096 566 snorum
1129 493 1338 564 executione

202 633 356 702 eousque
372 611 640 703 suspendentur,
658 612 772 703 quoad
782 611 985 703 juramenta
999 609 1185 703 premissa,
1203 616 1241 679 et
1257 607 1338 678 sub-

203 727 440 820 scriptionem,
457 735 498 797 ut
515 748 629 820 supra,
646 726 880 820 praestiterint.

413 975 634 1049 CXXVIII.
675 974 833 1066 Qualitas
849 975 1129 1072 deputandorum.
1347 1003 1365 1061 5

255 1125 386 1196 Nullus
411 1125 645 1210 cancellarius,
671 1126 935 1209 commissarius,
966 1125 1238 1206 archidiaconus,
1265 1123 1340 1193 offi-

204 1244 311 1327 cialis,
328 1251 390 1318 aut
413 1243 501 1315 alius
525 1244 723 1338 quicunque
746 1243 982 1316 ecclesiastice
995 1241 1238 1335 jurisdictione
1254 1262 1340 1334 prae·

204 1360 308 1443 ditus,
342 1359 495 1452 aliquem
529 1361 574 1432 ad
607 1361 739 1432 curiam
769 1361 823 1432 sui
854 1361 1008 1432 absentis
1037 1359 1116 1430 loco
1145 1357 1353 1448 tenendum¹

204 1477 327 1569 quovis
343 1483 503 1569 tempore
526 1476 721 1568 deputabit,
738 1477 805 1548 nisi
822 1476 882 1569 qui
904 1477 1019 1570 gravis
1041 1475 1202 1548 minister
1220 1473 1339 1556 fuerit,

204 1593 369 1686 idemque
398 1593 610 1687 graduatus;
640 1591 697 1662 vel
724 1615 788 1685 pro
815 1592 1061 1663 concionatore
1086 1591 1228 1686 publico
1253 1589 1383 1684 legi-10

204 1710 292 1780 time
309 1718 481 1802 receptus,
500 1732 542 1779 ac
558 1732 666 1803 prope
683 1709 854 1802 ejusmodi
871 1707 1075 1780 consistoria
1090 1707 1338 1790 beneficiatum

204 1824 262 1895 rel
285 1825 345 1917 qui
368 1827 404 1894 in
427 1823 564 1921 legibus
584 1824 797 1906 bacalareus,
814 1833 876 1896 aut
896 1825 933 1893 in
956 1823 1089 1895 artibus
1111 1823 1278 1918 magister
1294 1822 1339 1892 ad

204 1919 577 2024 minimum'extiterit,
594 1964 636 2011 ac
652 1941 689 2014 in
705 1940 787 2033 jure
804 1938 898 2015 civili
915 1948 952 2010 et
969 1939 1136 2012 canonico
1156 1937 1339 2012 scientiam

204 2055 367 2128 habuerit
392 2066 664 2153 competentem,
684 2067 721 2126 et
747 2057 792 2127 de
817 2079 906 2127 verae
931 2055 1108 2150 religionis
1133 2055 1260 2136 studio,
1286 2078 1340 2125 so-

204 2174 350 2268 brioque
372 2197 414 2244 ac
435 2174 584 2246 honesto
607 2174 688 2246 vitae
710 2172 810 2245 cultu
832 2172 939 2243 fuerit
962 2172 1249 2256 commendatum
1274 2170 1340 2243 sub
1352 2200 1384 2257 15

204 2308 309 2386 poena
331 2293 565 2384 suspensionis
592 2293 636 2364 ab
659 2292 869 2362 executione
891 2289 1085 2359 officiorum
1107 2312 1171 2382 pro
1195 2288 1340 2383 singulis

207 2407 345 2478 delictis
367 2409 481 2500 spatio
497 2410 605 2480 trium
625 2408 799 2479 mensium
822 2407 928 2478 toties
944 2407 1091 2498 quoties.
1140 2403 1341 2498 Deputatus

206 2545 299 2606 vero,
317 2525 377 2616 qui
402 2524 645 2617 praedictamm
666 2524 878 2618 qualitatum
899 2543 1033 2618 expers,
1055 2520 1199 2592 audebit
1220 2529 1341 2591 tamen

199 2642 329 2734 judicis
353 2643 447 2712 vices
469 2642 506 2711 in
528 2643 633 2713 curiis
649 2641 820 2722 tenendis,
837 2647 879 2709 ut
901 2661 1014 2732 supra,
1037 2660 1212 2730 usurpare,
1236 2637 1340 2708 simili

205 2781 345 2852 prorsus
363 2781 525 2842 censurae,
541 2760 647 2831 modo
665 2767 703 2830 et
719 2757 831 2828 forma
847 2756 1039 2849 praemissis,
1057 2753 1260 2847 subjacebit.
1351 2788 1386 2826 πο

587 2981 643 3055 Da
658 2978 958 3054 Procuratoribus.

207 3157 387 3232 CXXIX.
423 3157 681 3242 Procuratores,
698 3157 770 3228 orsi
786 3155 827 3228 de
837 3157 954 3250 partis
971 3153 1131 3228 mandato
1143 3153 1339 3238 auctentico,

529 3299 648 3348 causas
665 3274 829 3370 attiopere
841 3269 1018 3368 prohibiti.

257 3422 390 3495 Nullus
419 3424 584 3518 deinceps
612 3425 650 3494 in
678 3423 795 3516 aliqua
824 3445 928 3496 causa
960 3420 1171 3517 procurabit,
1199 3418 1266 3490 nisi
1296 3417 1341 3488 ab

205 3540 281 3632 ipso
306 3538 469 3634 litigante
492 3541 587 3634 apud
611 3549 692 3612 acta
716 3541 819 3611 curiae
845 3540 951 3610 luerit
976 3536 1198 3618 constitutus,
1222 3533 1279 3605 vel
1303 3534 1340 3604 in
1350 3560 1384 3617 25

205 3655 282 3748 ipso
307 3655 380 3727 litis
408 3657 566 3752 ingressu
590 3656 685 3728 illius
710 3679 792 3726 vero
822 3665 860 3727 et
888 3653 1074 3726 sufficienti
1102 3651 1341 3745 procuratorio

206 3772 383 3843 firlciatur.
435 3771 619 3843 Sufficiam
652 3795 828 3855 vocamus,
856 3771 956 3864 ¹quod
990 3769 1189 3840 auctentico
1223 3767 1341 3860 aliquo

207 3887 322 3982 sigillo
353 3889 521 3973 munitur,
552 3889 802 3983 approbatione
831 3888 929 3970 item,
963 3895 1025 3958 aut
1059 3885 1184 3956 saltem
1213 3882 1342 3955 ratiha-

205 4004 340 4075 bitione
370 4004 617 4076 constituentis
645 4006 771 4076 eodem
797 4005 998 4075 accedente.
1049 4001 1231 4095 Ejusmodi
1258 4022 1340 4070 vero

206 4120 445 4213 procuratoris
472 4121 591 4191 omnia
616 4122 874 4214 quamprimum
903 4119 1027 4190 confici
1056 4117 1227 4198 volumus,
1253 4123 1291 4186 et
1320 4138 1385 4208 a30

206 4237 488 4330 procuratoribus
521 4236 690 4321 exhiberi,
720 4260 762 4307 ac
794 4238 831 4306 in
864 4232 1013 4329 publicis
1046 4234 1203 4326 ejusdem
1237 4232 1341 4303 curiae

207 4355 341 4425 scriniis
362 4377 426 4446 per
449 4354 687 4450 registrarium
711 4354 808 4426 salva
831 4351 1008 4424 custodiri.
1059 4348 1131 4433 Qui
1158 4371 1205 4420 ex
1234 4348 1341 4442 regis-

207 4470 322 4542 trariIs
338 4469 395 4542 rel
417 4472 699 4564 procuratoribus
721 4493 821 4544 seem
842 4471 880 4542 in
901 4471 1048 4540 istorum
1070 4465 1188 4559 aliquo
1207 4465 1339 4548 iecerit,
