3140 4972
244 213 310 283 176
474 213 691 282 censuerim
706 215 774 278 aad
790 216 912 278 Canens
927 213 1168 280 Ecclesiastico&
1334 215 1388 300 [V.

241 389 395 462 minores
412 392 581 475 canonici,
599 401 770 471 cantores,
787 389 984 483 reliquique
1008 387 1235 464 de'ecclesiae
1251 393 1388 486 gremio

241 507 407 593 universi,
437 509 466 578 si
495 530 567 578 non
598 507 827 600 frequentius,
857 507 984 580 saltem
1014 517 1139 601 quater
1168 509 1264 578 omni
1294 530 1388 578 anno

241 633 501 696 sacramentum
519 624 724 718 percipiant.

242 871 372 946 XXV.
414 871 743 968 Superpellieiorum
772 881 805 944 et
834 872 1028 967 epomidem
1063 897 1157 958 suus,
1188 897 1283 945 sceau
1316 897 1386 945 aaa

355 987 608 1074 administrata,
626 990 664 1060 iu
681 986 830 1060 ecclesiis
848 986 1097 1061 cathedralibus
1114 988 1275 1061 indictus.
1393 1005 1413 1064 5

292 1153 335 1224 In
354 1154 612 1242 cathedralibus
635 1165 673 1226 et
697 1155 894 1250 collegiatis
918 1157 1084 1240 ecclesiis,
1103 1166 1263 1228 cessante
1286 1179 1387 1228 coena

241 1269 428 1354 dominica,
446 1274 530 1343 satis
547 1275 614 1344 erit
631 1280 791 1366 tempore
809 1273 1007 1343 divinorum
1029 1272 1281 1367 superpelliciis
1298 1273 1387 1342 dun-

241 1396 342 1458 taxat
370 1391 447 1472 uti;
482 1390 549 1461 nisi
578 1389 672 1483 quod
699 1389 926 1461 ecclesiarum
952 1388 1219 1484 collegiatarum
1250 1387 1385 1471 decani,

240 1506 410 1599 magistri,
440 1515 478 1578 et
503 1509 668 1601 praefecti,
699 1506 857 1598 itemque
886 1507 1055 1590 canonici,
1083 1529 1124 1576 ac
1153 1505 1384 1598 praebendarii

241 1621 447 1711 (dummodo
472 1626 648 1718 graduati)
669 1648 751 1695 cum
775 1623 1029 1716 superpelliciis
1054 1622 1195 1716 caputia
1219 1621 1385 1716 gradibus
1396 1651 1431 1692 ιο

241 1739 313 1808 suis
337 1743 533 1834 respective
554 1764 709 1835 congrua
732 1741 827 1812 inter
853 1764 927 1811 rem
955 1742 1109 1811 divinam
1139 1761 1262 1834 gerere
1287 1747 1385 1810 tene-

240 1855 383 1927 buntur.

241 2070 390 2143 XXVI.
434 2071 576 2145 Notoria'
603 2075 738 2168 pcccati
771 2073 1011 2145 consuetudine
1046 2071 1194 2169 infames
1228 2095 1251 2141 u
1283 2081 1400 2142 sucro

663 2213 757 2262 coeac
774 2189 968 2286 repellendi.

292 2338 425 2411 Nullus
442 2341 681 2410 ministrorum
699 2365 746 2412 ex
762 2365 869 2440 grege
895 2351 958 2414 aut
975 2365 1059 2413 cura
1082 2365 1145 2412 sua
1169 2362 1383 2434 quemquam
1394 2371 1428 2430 15

240 2457 285 2528 ad
311 2481 415 2528 sacrae
440 2481 547 2528 coenae
572 2458 856 2530 communionem
881 2459 956 2531 ullo
986 2469 1100 2553 pacto,
1116 2459 1295 2543 admittet,
1321 2457 1383 2550 qui

240 2575 427 2645 manifesto
460 2584 565 2646 notus
598 2577 666 2646 erit
699 2577 737 2646 in
775 2577 897 2648 infami
935 2584 1082 2670 peccato
1119 2575 1384 2668 impoenitenter

241 2691 368 2774 vivere,
396 2715 462 2762 neo
492 2693 552 2783 qui
582 2715 664 2763 cum
693 2694 862 2785 proximis
891 2695 961 2764 suis
990 2691 1166 2762 malitiose
1196 2699 1234 2761 et
1262 2699 1383 2784 aperte

241 2807 472 2890 contenderit,
495 2809 562 2878 nisi
586 2809 823 2880 reconciliatio
846 2810 1104 2894 intercesserit3
1131 2829 1247 2900 neque
1274 2807 1383 2878 etiam

241 2923 468 2994 ecclesiarum
485 2947 686 2996 oeconomos
703 2935 765 2995 aut
782 2926 985 2998 assistentes
1001 2926 1102 3008 ullos,
1120 2926 1180 3018 qui
1193 2946 1277 2995 eum
1286 2923 1429 3016 jura-20

240 3048 403 3111 mentum
428 3043 645 3135 susceperint
675 3065 738 3135 pro
763 3041 926 3114 omnibus
951 3045 1034 3115 iisce
1062 3041 1202 3112 delictis
1226 3039 1382 3122 notoriis,

242 3160 286 3228 de
311 3158 438 3249 quibus
463 3158 702 3252 particulatim
720 3159 809 3251 jussi
836 3169 940 3229 erunt
966 3160 1057 3230 infra
1081 3181 1161 3230 suas
1188 3158 1383 3250 respective

240 3274 421 3368 parochias
438 3275 622 3367 inquirere,
640 3275 694 3346 bis
706 3275 867 3367 quolibet
883 3299 975 3347 anno
992 3277 1037 3347 ad
1051 3275 1265 3347 ordinarium
1278 3296 1403 3346 suum-

242 3393 450 3476 deferendis‚
468 3416 540 3464 non
558 3403 724 3464 verentur
741 3405 872 3476 tamen,
890 3404 1008 3487 spreta
1020 3393 1214 3486 juramenti
1231 3393 1285 3463 sui
1303 3392 1384 3462 reli-

241 3511 346 3604 gione
364 3511 479 3603 (cujus
495 3509 626 3603 alioqui
642 3510 757 3582 fidelis
773 3511 938 3582 executio
951 3511 1132 3604 potissima
1144 3511 1234 3580 ratio
1250 3510 1381 3592 existit,
1392 3529 1427 3588 25

241 3650 305 3720 per
320 3649 426 3718 quam
443 3627 585 3720 publica
601 3637 756 3720 peccata,
775 3637 812 3698 et
830 3628 991 3698 scandala
1011 3627 1161 3700 rescindi
1183 3627 1327 3719 possint,
1346 3634 1383 3696 et

241 3746 408 3836 coerceri)
439 3745 548 3815 etiam
577 3744 736 3815 volentes
766 3753 804 3816 et
832 3746 982 3816 scientes
1010 3747 1049 3815 in
1077 3743 1219 3838 perjurii
1249 3743 1383 3813 crimen

241 3862 388 3954 perdite,
405 3884 446 3931 ac
463 3861 596 3930 nefarie
612 3862 799 3942 incurrere,
818 3861 902 3931 dum
920 3861 976 3934 vel
994 3861 1190 3956 negligrmt,
1210 3859 1266 3930 vel
1283 3881 1383 3930 recu·

241 3987 320 4050 sant
348 4001 394 4048 ex
419 3977 592 4070 praedictis
617 3977 832 4062 criminibus,
858 3986 896 4048 et
923 3977 1061 4048 delictis
1090 3977 1236 4048 notoriis
1265 3975 1383 4067 aliqua

242 4096 417 4188 detegere,
435 4116 512 4185 quse
530 4094 646 4163 sciunt
662 4093 753 4164 infra
772 4094 953 4187 parochias
976 4115 1055 4164 suas
1072 4115 1148 4164 esse
1170 4102 1426 4186 perpetrata30
1550 4163 1551 4180 ,

241 4211 300 4283 vel
326 4211 637 4305 congregationem
662 4209 786 4281 saltem
816 4211 999 4304 insigniter
1024 4231 1179 4303 gravare,
1205 4231 1247 4279 ac
1272 4207 1382 4278 offen-

241 4317 342 4410 derek
370 4327 454 4397 licet
471 4327 579 4396 iidem
605 4326 660 4397 vel
683 4349 705 4396 a
726 4326 858 4408 vicinis,
882 4325 939 4396 vel
961 4349 983 4396 a
1004 4325 1175 4408 ministro,
1192 4325 1249 4396 vel
1273 4326 1381 4396 etiam

240 4446 378 4538 abipso
395 4444 569 4515 ordinario
586 4445 757 4516 admoniti
775 4442 922 4515 subinde
939 4443 1080 4526 luerint,
1093 4450 1135 4512 ut
1150 4441 1381 4514 eonscientiae
