3140 4972
182 198 294 284 1583]
410 204 701 280 constitutionum
717 208 834 272 &nom
848 207 1082 274 satanam
1254 206 1318 270 mo
1427 283 1430 290 Ι

178 375 321 563 eappan,
352 378 464 456 donoc
491 383 662 474 ejusmodi
696 383 982 456 certificatorium
1015 382 1166 474 abipso
1194 381 1317 473 judice

178 515 225 561 ex
252 492 390 566 buerit.
659 494 663 502 ’

377 691 435 765 De
450 693 685 792 bmudcicram
697 696 900 794 pluralitate
916 695 1112 770 cohibendo.

228 837 333 922 Quod
350 843 482 911 nemini
505 844 721 937 inposterum
740 846 889 918 facultas
906 849 979 918 sire
996 844 1217 940 indulgentia
1233 867 1317 916 con·

178 955 325 1026 cedatur
341 958 386 1027 de
401 957 561 1051 pluribus
576 959 757 1033 benefimis
775 962 880 1033 simul
896 963 1098 1045 retinendis,
1112 962 1179 1032 nisi
1196 961 1341 1054 hujus-5

177 1072 274 1142 modi
299 1081 452 1160 tantum,
477 1077 538 1169 qui
562 1100 628 1170 pro
653 1078 850 1150 eruditione
875 1102 938 1150 sua
962 1089 1000 1149 et
1024 1079 1180 1149 maxime
1207 1077 1314 1171 difflui,

177 1189 276 1258 etad
294 1188 448 1260 officium
465 1214 569 1263 suum
587 1189 979 1288 plenius'praestandum
1001 1195 1157 1265 maxime
1180 1193 1315 1264 habiles

178 1313 216 1373 et
244 1302 361 1376 idonei
391 1308 651 1380 censebuntur:
688 1311 866 1395 nimirum,
892 1319 934 1381 ut
959 1312 998 1394 is,
1025 1312 1087 1403 qui
1114 1310 1315 1402 hujusmodi

177 1420 347 1492 facultate
367 1422 536 1496 fruiturus
558 1435 623 1510 est,
641 1427 687 1498 sit
709 1427 754 1498 ad
776 1428 963 1498 minimum
986 1428 1115 1498 artium
1136 1427 1314 1520 magister,

174 1547 212 1610 et
232 1538 393 1632 publicus
413 1564 454 1612 ac
474 1543 622 1616 idoneus
646 1545 744 1616 verbi
769 1545 1155 1626 divinbconcionator3
1181 1544 1232 1613 ita
1259 1551 1314 1614 ta-
1325 1564 1358 1604 10

175 1679 269 1740 men,
294 1665 337 1728 ut
361 1659 487 1730 idonea
511 1662 621 1732 etiam
649 1661 813 1733 cautione
847 1661 1036 1732 obstrietus
1065 1667 1240 1744 tenentur,
1269 1661 1314 1730 de

176 1773 349 1866 personali
375 1797 438 1846 sua
459 1778 648 1850 residentia
670 1781 707 1849 in
728 1776 875 1872 singulis
899 1777 1078 1848 beneficiis
1100 1777 1313 1870 perbonam

175 1890 258 1959 anni
281 1891 449 1984 cujusque
473 1903 611 1985 partem
636 1893 804 1977 facienda,
827 1903 865 1963 et
890 1894 985 1987 quod
1010 1893 1182 1985 ejusmodi
1206 1893 1314 1964 bene-

175 1999 263 2077 ficia'
282 2007 428 2102 triginta
449 2009 652 2082 milliarium
678 2011 790 2104 spatio
815 2010 860 2080 ad
885 2031 1061 2080 summum
1086 2032 1157 2080 non
1179 2010 1318 2096 distent,

178 2122 385 2194 abinvicem.
449 2123 625 2219 Denique,
654 2127 749 2219 quod
777 2126 943 2196 idoneum
978 2133 1139 2197 curatum
1173 2125 1357 2210 habeat,15

179 2239 241 2330 qui
258 2237 400 2332 plebem
417 2241 495 2335 ejus
516 2241 699 2335 parochia,
716 2243 754 2312 in
770 2265 840 2334 qua
861 2263 932 2312 non
955 2241 1132 2324 residebit,
1149 2244 1313 2314 instituat

176 2379 217 2426 ao
251 2357 428 2440 infomret‚
458 2359 564 2430 modo
597 2359 784 2431 facultates
817 2358 975 2450 ejusdem
1007 2357 1169 2431 beneficii
1202 2359 1313 2431 talem

177 2475 362 2544 commode
378 2478 551 2548 sustinere
566 2499 667 2570 posse
683 2476 944 2571 archiepiscopo
957 2474 1013 2545 vel
1031 2478 1106 2569 ejus
1123 2477 1313 2550 dioeceseos

179 2591 343 2684 episcopo
360 2591 583 2664 videbuntur.

177 2890 233 2964 De
246 2891 469 2988 scandiaque
490 2894 667 2988 ‹affia'oriia
688 2893 921 2967 eccbsimticis
945 2905 976 2967 et
1000 2919 1116 2968 coram
1142 2894 1313 2965 ministris
1321 2909 1356 2950 ²0

658 3008 828 3084 debentur.

226 3175 382 3248 Cautum
423 3177 564 3270 insuper
598 3177 769 3260 volumus,
802 3178 898 3270 quod
939 3199 1054 3269 neque
1096 3176 1313 3268 alienaque

176 3293 308 3385 majora
340 3292 444 3364 feoda
475 3292 521 3363 ab
551 3290 725 3387 episcopo,
756 3293 941 3378 ordinario,
970 3293 1226 3375 archidiacono,
1256 3290 1313 3362 vel

176 3430 299 3480 eorum
314 3409 483 3481 ministris
500 3410 663 3502 deinceps
681 3408 753 3480 ulla
765 3409 810 3478 de
823 3431 928 3480 causa
943 3409 1192 3501 percipiantur,
1205 3429 1311 3500 quam

176 3547 228 3607 ea,
245 3548 332 3618 quae,
349 3526 495 3596 ineunte
517 3525 585 3596 boe
607 3547 755 3618 regnum
779 3525 876 3618 regia
901 3547 996 3595 nunc
1020 3525 1218 3617 majestate,
1233 3543 1355 3617 per-25

176 3643 245 3735 cipi
279 3641 465 3714 solebant:
517 3642 692 3735 Quodque
727 3640 850 3712 tabula
884 3641 1055 3734 quaedam,
1095 3639 1313 3734 singulorum

174 3759 375 3853 hujusmodi
392 3759 575 3831 feodorum
592 3782 746 3831 summas
762 3759 956 3841 continens,
969 3758 1006 3827 in
1023 3756 1182 3850 quolibet
1200 3758 1312 3827 consi-

175 3877 283 3947 storio
308 3885 392 3948 ante
417 3876 547 3946 festum
570 3873 608 3946 S.
626 3873 798 3946 lobannis
815 3874 985 3968 Baptista
1009 3873 1170 3966 proxime
1186 3882 1313 3944 rentu-

175 4015 255 4062 rum
279 3993 417 4086 figatur,
444 3993 545 4086 cnjus
570 3992 752 4086 exemplar
776 4016 884 4064 manu
908 3992 1017 4085 ipsius
1042 3991 1205 4062 ordinarii
1231 3992 1313 4062 sub-

175 4109 352 4202 signatum
385 4109 477 4179 intra
511 4116 651 4202 tempus
691 4109 898 4202 pradictum
931 4108 976 4179 ad
1011 4107 1309 4200 arehiepiscopum
1319 4132 1355 4187 30

151 4289 155 4294 ,
175 4226 446 4296 transmittetur.

226 4342 371 4414 Proviso
411 4365 558 4435 semper,
601 4343 696 4435 quod
741 4363 856 4433 neque
893 4339 1162 4434 archiepiscopo,
1195 4363 1311 4433 neque

175 4460 349 4552 episcopo,
375 4457 432 4528 vel
458 4459 592 4530 directe
613 4457 671 4530 vel
700 4457 882 4540 indirecte,
907 4455 1061 4549 aliquam
1083 4457 1311 4550 pecuniarum

732 4591 751 4634 1.
