3140 4972
118 249 121 254 ·
181 211 290 296 1604]
404 211 623 276 Oomtihdiorrs
637 211 706 274 aad
722 212 844 274 Corcoras
858 209 1100 274 Eoderiaaa'cal.
1257 207 1322 274 177

178 425 270 486 suas,
300 393 396 476 dicta
420 404 568 474 crimina
596 402 848 496 praesentando,
874 408 1116 484 exonerarent,
1142 421 1258 492 neque
1282 421 1321 470 se

178 517 314 589 vellent
336 519 371 589 in
390 519 609 590 horrendum
632 519 720 590 illud
743 519 885 612 perjurii
908 519 1022 590 scelus
1047 541 1134 590 ausu
1159 526 1235 587 tam
1260 539 1322 586 ne-

179 635 268 705 fario
285 636 512 729 precipitare.
1106 627 1111 640 '

253 823 424 900 XXVII.
449 823 672 898 &tamarici
688 849 710 896 c
726 829 831 896 coeaae
848 825 1083 896 communione
1099 820 1250 894 arcendi.

233 974 403 1058 Ministri
426 998 508 1046 cum
531 997 668 1046 ooenam
694 975 839 1045 Domini
862 975 1117 1055 administrant,
1143 971 1346 1043 neminems

181 1092 334 1162 scienter
362 1093 520 1183 ejusdem
548 1090 681 1162 facient
711 1093 929 1184 participem,
957 1092 1017 1184 qui
1046 1092 1083 1160 in
1108 1110 1225 1182 genua
1252 1110 1323 1157 nou
1398 1167 1405 1192 ἱ

182 1209 290 1279 suerit
318 1209 517 1290 inclinatus,
545 1210 611 1280 sub
639 1232 744 1302 poena
773 1209 1016 1301 suspensionis.
1068 1203 1184 1276 Simili
1215 1205 1324 1275 etiam

182 1349 286 1419 poena
303 1325 537 1418 prohibemus,
555 1349 600 1396 ne
620 1325 724 1396 alicui
742 1325 891 1396 eandem
915 1324 1137 1404 distribuant,
1155 1322 1216 1412 qui
1236 1320 1326 1412 pub·

182 1441 259 1512 licoe
282 1441 432 1535 liturgias
449 1439 566 1534 quxta
588 1441 743 1513 ecclesiae
760 1441 968 1535 Anglicanae
990 1441 1167 1529 instituta)
1186 1444 1325 1508 recusat

183 1559 372 1641 interesse;
407 1557 464 1627 vel
490 1559 550 1649 qui
577 1557 706 1628 librum
731 1556 952 1651 publicarum
976 1579 1122 1650 precum
1147 1577 1188 1626 ac
1214 1575 1326 1624 sacra
1335 1577 1368 1617 10

184 1681 306 1746 menta
331 1674 605 1757 administrandi,
627 1676 758 1745 ritusve
786 1681 824 1743 et
849 1673 1064 1744 ceremonias
1090 1669 1264 1762 quaslibet
1288 1669 1326 1738 in

185 1791 311 1862 eodem
332 1792 560 1885 praescriptas,
576 1799 639 1861 aut
661 1791 846 1884 quicquam
870 1791 1000 1862 sivein
1022 1788 1186 1870 articulis,
1204 1787 1266 1880 qui
1289 1789 1327 1857 in

185 1909 328 2002 synodo,
345 1931 437 1979 anuo
454 1928 622 1979 mnuxn.
640 1907 796 1980 conclusi
812 1916 905 1991 sunt,
923 1909 996 1978 sive
1013 1909 1051 1978 in
1067 1906 1156 1976 libro
1174 1906 1218 1975 de
1236 1904 1328 1976 ordi-

185 2024 329 2094 natione
363 2025 657 2118 presbyterorum,
692 2032 730 2094 et
763 2027 1005 2120 episcoporum
1035 2023 1328 2116 comprehensum

186 2141 390 2234 frequenter
406 2151 445 2212 et
461 2143 598 2212 notorie
615 2141 868 2226 calumniatum
896 2142 952 2212 vel
969 2141 1029 2234 qui
1046 2140 1240 2233 majestatis
1257 2161 1327 2208 suae
1338 2161 1368 2216 ¹5

188 2281 389 2352 supremam
406 2259 443 2328 in
461 2259 575 2328 causis
597 2257 840 2329 ecclesiasticis
863 2259 1110 2329 auctoritatem
1134 2255 1208 2327 ullo
1232 2255 1327 2325 dicto

188 2375 297 2446 audet
322 2373 530 2458 convellere,
556 2382 619 2445 aut
649 2372 797 2456 laedere;
827 2374 893 2443 nisi
919 2373 1046 2467 singuli
1072 2371 1192 2444 taliter
1218 2369 1329 2441 delin-

188 2497 339 2584 quentes
364 2513 483 2561 coram
507 2491 677 2574 ministm‚
696 2492 925 2584 praesentibus
949 2515 1021 2562 una
1042 2490 1242 2571 oeconomis,
1267 2487 1328 2559 de-

188 2606 264 2678 licti
290 2608 344 2677 sui
369 2606 615 2700 poeniteutiam
639 2607 795 2700 professi,
818 2611 899 2680 viva
923 2631 1010 2680 voce
1039 2607 1135 2701 prius
1162 2629 1329 2700 spospon-

190 2723 317 2807 derint,
351 2723 381 2793 si
410 2723 570 2794 nesciant
598 2723 758 2807 scribere,
788 2747 826 2796 se
855 2725 1020 2817 deinceps
1053 2725 1090 2793 in
1124 2747 1167 2794 eo
1200 2745 1373 2816 generem

191 2861 414 2932 nequaquam
437 2848 653 2932 peccaturos,
671 2840 738 2924 vel,
760 2843 788 2912 si
811 2842 929 2912 uon‘nt
951 2841 1112 2924 scribere,
1130 2841 1195 2910 sub
1218 2839 1331 2910 chiro·

189 2955 324 3050 grapho
341 2977 404 3025 suo
421 2955 516 3026 idem
533 2957 776 3049 promiserint:
803 2959 897 3050 quod
915 2981 1037 3029 eorum
1060 2956 1330 3051 chirographum

191 3074 352 3144 minister
381 3074 565 3166 accipiens,
595 3076 639 3145 ad
670 3077 872 3168 episcopum
902 3076 1147 3156 dioecesanum,
1176 3073 1233 3143 vel
1262 3072 1330 3144 loci

193 3191 406 3261 ordinarium
436 3191 696 3282 quamprimum
728 3191 953 3262 transmittet.
1004 3188 1149 3260 Proviso
1182 3211 1331 3282 semper,

193 3306 288 3399 quod
317 3305 555 3376 ministrorum
589 3304 751 3398 quilibet,
781 3308 841 3398 qui
870 3330 892 3377 a
921 3329 1018 3378 sacra
1045 3329 1145 3376 coena
1177 3304 1330 3398 aliquem
1340 3331 1373 3389 25

194 3423 329 3494 arcebit
346 3421 466 3514 (prout
482 3421 520 3490 in
533 3429 715 3513 presente,
733 3420 790 3492 vel
807 3424 844 3493 in
860 3424 1036 3516 superiore
1053 3445 1187 3492 canone
1203 3423 1333 3494 consti-

196 3548 317 3610 tutum
342 3537 507 3630 habetur)
533 3539 576 3608 ad
601 3540 712 3630 partis
736 3539 924 3632 querelam,
951 3539 1006 3612 rel
1030 3540 1192 3608 ordinarii
1218 3539 1333 3631 requi-

195 3655 371 3738 sitionem,
388 3652 469 3724 talis
494 3653 578 3724 facti
604 3653 657 3724 sui
683 3656 855 3728 rationem
878 3657 974 3726 dieto
999 3657 1172 3726 ordinario
1196 3657 1331 3739 reddet,

195 3781 303 3864 atque
330 3770 487 3863 ejusdem
514 3770 549 3838 in
576 3791 618 3840 ea
643 3778 744 3862 parte
770 3771 990 3864 beneplacito
1019 3781 1057 3841 et
1085 3771 1252 3842 mandato
1276 3795 1334 3844 ac-

194 3889 363 3980 quiescet.
1340 3925 1376 3980 30

253 4083 445 4157 XXVIII.
484 4081 659 4155 Eatrccei
675 4108 697 4156 a
714 4108 818 4157 coenae
835 4087 1068 4160 communione
1084 4085 1279 4184 repellendi.

246 4235 432 4307 (hicouomi
458 4243 497 4306 et
520 4237 750 4329 inquisitores,
777 4239 851 4308 sive
879 4241 1081 4310 assistentes
1107 4239 1193 4328 (non
1218 4240 1334 4312 miuus

196 4375 303 4446 quam
327 4351 493 4444 ministri)
515 4361 654 4424 attente
677 4353 923 4435 observabunt,
945 4377 1031 4424 num
1056 4378 1178 4425 omnes
1203 4365 1240 4426 et
1265 4357 1335 4426 sin·

196 4467 272 4562 guli
291 4489 336 4539 ex
353 4467 518 4560 parochia
534 4491 597 4540 sua
613 4469 720 4542 toties
736 4470 782 4540 ad
803 4492 909 4542 sacrae
926 4493 1033 4542 coenae
1050 4473 1333 4544 communionem

753 4603 776 4646 N
