3156 4968
223 214 332 302 1604]
448 213 666 280 σοπείίἰιιέίοπε
681 215 748 280 ond
764 216 886 281 Oenone
899 208 1142 281 Ecdestmtieol.
1293 211 1358 277 235

221 411 360 484 semper
391 399 454 461 aut
481 413 589 485 penes
617 390 743 486 ipsum,
772 400 836 462 aut
863 413 972 485 penes
1000 388 1096 460 illius
1124 387 1357 460 substitutum

221 505 431 600 legitimum,
461 507 536 600 ejus
559 507 638 578 vice
661 509 723 603 jus
750 508 938 592 dicentem,
966 529 1104 578 necnon
1130 505 1221 576 infin
1248 505 1358 597 ipsius

216 622 507 715 jurisdictionem,
535 621 593 694 vel
621 623 747 695 saltem
775 625 813 694 in
842 624 930 695 mbo
958 631 1022 694 aut
1048 621 1177 716 oppido
1199 619 1358 713 ejusdem

221 738 410 809 comitatus
425 739 607 833 principali
623 747 910 812 commorantem.
945 739 1026 810 Hoc
1044 737 1198 834 sigillum
1210 732 1358 806 titulum

222 853 297 945 ejus
315 853 569 945 jurisdictionis
592 855 798 939 continebit,
815 878 920 948 quam
942 855 1090 949 quisque
1111 852 1383 948 praedictorum5

215 971 387 1063 judicum,
404 978 467 1042 aut
483 973 732 1066 deputatorum
749 979 902 1045 exercet.

433 1222 592 1298 CXXV.
630 1221 819 1298 Cauiorum
835 1221 929 1295 aedes
945 1229 1147 1319 opportuno.

272 1389 406 1464 Omnes
425 1391 634 1475 cancellarii,
657 1391 894 1474 commissarii,
915 1387 1159 1472 archidiaconi,
1182 1384 1357 1467 officiales,

223 1511 409 1601 ceterique
423 1509 562 1602 judices
578 1507 805 1580 ecclesiastici
822 1508 934 1579 curias
955 1529 1034 1578 suas
1050 1506 1095 1576 de
1116 1503 1284 1575 mandato
1300 1500 1358 1573 vel

223 1647 394 1695 consensu
411 1625 565 1718 episcopi
582 1623 768 1694 dioeceaani
785 1624 822 1693 in
838 1621 968 1694 talibus
984 1621 1069 1694 locis
1086 1620 1283 1703 instituent,
1296 1619 1357 1712 qui
1368 1637 1402 1676 10

223 1740 268 1811 ad
297 1763 366 1824 eos,
392 1763 480 1834 qnos
505 1741 543 1810 in
569 1741 702 1812 eisdem
727 1763 928 1834 comparere
958 1746 1107 1832 oportet,
1133 1737 1358 1831 excipiendos

223 1855 350 1940 idonei,
374 1865 412 1927 et
434 1856 479 1927 ad
502 1855 658 1928 laborem
682 1856 816 1928 itineris
836 1855 1065 1927 minuendum
1087 1853 1241 1924 maxime
1263 1875 1360 1924 oom-

222 1972 318 2042 modi
335 1972 558 2044 videbuntur.
610 1969 782 2043 Similiter
798 1973 906 2043 etiam
922 1972 1035 2042 cui-ias
1052 1991 1132 2042 snas
1147 1969 1241 2038 intra
1255 1968 1359 2040 horas

223 2097 466 2183 competentes
493 2088 710 2160 inchoabunt
739 2113 780 2160 ac
809 2088 1010 2172 dissolvent,
1043 2088 1094 2158 ita
1126 2094 1168 2157 ut
1200 2087 1358 2179 quisque,

223 2216 395 2300 quantum
410 2206 486 2277 lieri
508 2214 637 2300 potest,
653 2215 793 2279 mature
809 2215 848 2278 et
867 2203 1078 2300 tempestive
1094 2204 1239 2276 domum
1258 2224 1357 2274 suam
1369 2217 1402 2278 ¹5

223 2323 333 2416 possit
349 2332 520 2417 repetere.

269 2569 450 2646 CXXVI.
489 2572 611 2649 Carica
635 2573 818 2673 infertores
842 2583 1037 2648 testamenta
1059 2569 1247 2672 oripiedie
1271 2569 1320 2643 od

380 2689 614 2785 ephcopoeam
631 2688 941 2786 erelioojobeatwr
958 2691 1198 2764 transmittere.

273 2838 366 2911 Cum
383 2841 515 2924 decani,
535 2841 779 2927 archidiaconi,
795 2842 1033 2936 prebendarii,
1049 2849 1212 2924 rectores,
1229 2837 1358 2923 vicarii,

224 2953 353 3048 aliique
369 2955 606 3029 ecclesiastica
615 2958 859 3053 jurisdictione
875 2958 1073 3052 fungentes,
1091 2957 1248 3028 omnium
1268 2954 1404 3026 infra»

224 3094 304 3144 suus
336 3075 531 3166 respective
565 3074 828 3167 jurisdictiones
861 3075 1108 3146 defunctorum
1146 3081 1360 3145 testamenta

224 3189 393 3282 probandi
415 3190 677 3262 immunitatem
700 3190 765 3262 sibi
786 3190 983 3272 vendicent,
1001 3212 1117 3282 neque
1139 3197 1258 3260 tamen
1278 3209 1360 3285 cog·

224 3306 317 3377 uitos
349 3305 442 3376 ullos
473 3313 536 3376 aut
570 3313 684 3378 certos
716 3306 870 3378 habeant
898 3305 1123 3402 registrarios,
1154 3302 1211 3376 vel
1240 3304 1359 3376 locum

224 3421 405 3515 publicum
426 3421 653 3517 registrorum
677 3444 819 3493 suorum
837 3430 923 3494 tutae
942 3422 1110 3494 custodiae
1126 3421 1359 3516 deputatum

224 3538 319 3608 unde
343 3538 468 3631 saepius
492 3537 660 3623 evenerit,
679 3546 902 3624 testamenta,
917 3541 1009 3634 jura,
1034 3548 1073 3612 et
1094 3539 1212 3636 legata
1237 3553 1403 3632 quam-25

224 3653 375 3746 plurIma
396 3676 460 3747 per
482 3654 656 3725 dictorum
677 3654 840 3746 judicum
863 3664 1024 3740 mortem,
1041 3664 1104 3728 aut
1125 3656 1359 3728 mutationem

225 3770 339 3861 perire
351 3793 392 3840 ac
403 3769 622 3854 intercidere,
631 3771 669 3840 in
681 3771 877 3844 maximum
888 3773 1109 3845 subditorum
1119 3771 1361 3866 prejudicium

224 3907 266 3956 ac
283 3884 526 3980 dispendium
550 3887 738 3959 statuimus
755 3895 793 3959 ct
814 3889 1024 3974 ordinamus,
1041 3897 1083 3961 ut
1104 3887 1231 3985 singuli
1254 3911 1361 3981 pecu-

224 4000 347 4073 liarem
364 4002 535 4094 ejusmodi
550 4002 831 4095 jurisdictionem
847 4007 1064 4098 possidentes
1086 4029 1127 4076 ac
1144 4015 1359 4087 exercentes,

225 4118 335 4190 semel
355 4120 541 4213 quotannis
562 4119 715 4191 referant
736 4121 774 4191 in
796 4122 976 4216 publicum
1004 4122 1184 4194 archivum
1206 4121 1404 4215 episcopiao

225 4231 422 4318 dioecesani,
452 4235 509 4306 vel
538 4235 662 4306 decani
691 4244 729 4308 et
758 4237 913 4331 capituli,
943 4237 1033 4308 infra
1061 4238 1160 4331 cujus
1190 4237 1360 4308 ditionem

223 4346 417 4441 peculiares
433 4350 502 4423 illae
518 4351 781 4443 jurisdictiones
801 4354 996 4438 extiterint,
1014 4354 1132 4426 omnia
1147 4361 1361 4425 testamenta

186 4543 189 4550 ,
224 4463 407 4562 originalia
435 4489 499 4562 per
528 4469 621 4563 ipsos
654 4469 745 4542 inira
772 4470 966 4565 peculiares
994 4491 1074 4542 suus
1100 4469 1361 4564 jurisdictiones
