3140 4972
250 165 314 236 194
473 167 1166 240 mammaemammal.
1327 159 1390 248 [v.

249 339 411 428 beantur,
440 354 518 418 tum
552 348 718 440 quisine
750 346 911 443 legitima
943 347 1154 419 auctoritate
1187 336 1389 413 concionari

249 469 481 549 praesumant3
512 465 685 534 oeconomi
707 463 944 547 ecclesiarum,
967 484 1160 555 eorumque
1184 457 1389 530 assistentes

250 555 378 646 librum
404 580 581 670 quendam
604 580 866 674 comparabunt,
888 581 925 650 in
950 603 1020 673 quo
1043 574 1282 669 unusquisque
1305 592 1392 642 con·

250 693 415 778 ciouator,
445 695 506 788 qui
538 697 583 766 ad
612 699 767 790 ipsorum
801 695 986 768 ecclesiam
1019 694 1161 766 aliunde
1191 689 1388 774 accesserit,

235 833 378 894 ¹nomen
404 834 506 883 suum
535 813 712 898 inscribet,
742 812 880 905 adjecto
907 813 1015 884 etiam
1046 811 1113 895 die,
1137 810 1176 880 in
1205 829 1275 901 quo
1305 827 1413 884 con-5

249 927 387 1001 cionem
409 929 544 998 ibidem·
563 930 738 1015 habuerit,
755 952 796 1000 ao
819 929 973 1022 episcopi
996 929 1187 1012 nominee
1209 947 1280 1018 quo
1303 945 1389 992 oon-

250 1043 411 1115 oionandi
428 1052 641 1139 potestatem
657 1047 843 1140 acceperit.

250 1291 354 1365 LIII.
382 1293 670 1370 Coaciocotcrum
699 1298 827 1368 mutcis
856 1291 1124 1392 oppositionibus
1150 1289 1289 1388 pulpito
1317 1311 1387 1360 acc

726 1411 901 1509 potabunt.

220 1603 222 1611 ·
300 1566 339 1638 Si
364 1571 442 1662 quis
467 1571 691 1643 concionator
716 1571 911 1642 doctrinam
936 1569 1056 1653 ullam,
1082 1568 1128 1640 ab
1153 1565 1222 1638 alio
1249 1561 1388 1636 concio-
1397 1595 1433 1634 10

249 1694 372 1756 natore
388 1685 426 1757 in
443 1688 567 1758 eadem
585 1688 642 1760 vel
659 1689 773 1760 vicina
789 1688 906 1782 aliqua
923 1685 1071 1759 ecclesia
1086 1686 1265 1765 traditam,
1281 1681 1390 1776 parti-

249 1799 413 1872 culariter
437 1813 500 1874 aut
525 1807 733 1877 nominatim
758 1829 804 1878 ex
828 1805 985 1900 professo
1011 1805 1227 1899 impugnare,
1256 1809 1295 1871 et
1322 1822 1387 1893 pro

249 1919 418 1992 concione
442 1920 603 1993 refellere
625 1923 828 2008 attentabit,
845 1923 1049 2016 priusquam
1072 1923 1276 2014 episcopum
1301 1916 1388 1986 dioe-

249 2055 415 2108 cesanum
438 2038 483 2108 de
504 2061 546 2110 ea
568 2040 754 2110 certiorem
777 2039 910 2124 fecerit,
933 2047 971 2110 et
994 2039 1152 2132 ejusdem
1178 2034 1386 2107 mandatum

248 2154 435 2246 acceperit,
453 2177 558 2247 quam
584 2176 627 2226 eo
652 2155 689 2224 in
714 2177 797 2226 casu
821 2156 994 2226 rationem
1019 2156 1117 2248 sequi
1140 2154 1278 2236 debeat,
1304 2172 1430 2238 cum15

248 2267 378 2360 alioqui
395 2291 441 2339 ex
458 2270 607 2363 publicis
624 2271 795 2364 ejusmodi
818 2273 1096 2366 oppositionibus
1117 2270 1270 2342 multum
1289 2291 1388 2340 scan-

248 2384 319 2458 dali
344 2394 382 2456 et
406 2388 678 2479 perturbationis
702 2387 833 2482 populo
858 2390 939 2460 oriri
956 2388 1088 2482 possit;
1127 2386 1299 2458 oeconomi
1329 2383 1386 2455 vel

248 2525 328 2595 pars
353 2503 434 2575 laesa
454 2505 586 2597 absque
611 2506 707 2576 omni
733 2528 831 2576 mora
856 2506 951 2576 dicto
977 2507 1141 2598 episcopo
1166 2503 1255 2574 illud
1281 2503 1390 2597 signi·

248 2619 414 2704 ficabunt,
438 2643 554 2714 neque
576 2619 761 2714 prefatum
784 2622 1067 2693 concionatorem
1084 2621 1269 2715 patientur·
1284 2616 1386 2689 illum

248 2734 375 2820 locum,
389 2761 458 2830 quo
475 2737 584 2810 semel
597 2738 726 2811 abusus
743 2740 799 2822 sit,
812 2739 977 2833 deinceps
990 2761 1171 2831 occupare,
1186 2737 1252 2808 nisi
1266 2743 1386 2806 sancte
1395 2761 1431 2802 20

247 2856 420 2946 receperit
444 2877 481 2926 se
510 2856 556 2926 ab
586 2856 682 2926 omni
712 2857 884 2949 ejusmodi
911 2854 1148 2926 contentionis
1173 2854 1323 2924 materia
1350 2851 1388 2921 in

248 2971 396 3044 ecclesia
412 2981 699 3066 temperaturum,
718 2974 830 3045 donec
853 2975 1037 3068 episcopus
1054 2975 1098 3046 de
1115 2996 1155 3044 ea
1177 2995 1215 3042 re
1238 2968 1387 3041 ulterius

248 3090 431 3161 statuerit:
457 3093 518 3184 qui
540 3092 628 3161 item
645 3092 904 3184 quamprimum
929 3092 1114 3164 commode
1138 3090 1268 3184 poterit
1290 3089 1328 3158 in
1345 3109 1388 3158 ea

248 3205 368 3276 taliter
389 3207 567 3299 procedet,
584 3218 626 3279 ut
650 3209 741 3301 parti
765 3208 854 3280 laesae
876 3209 913 3281 in
936 3212 1059 3281 eadem
1083 3208 1241 3290 ecclesia,
1258 3206 1295 3276 in
1318 3227 1388 3298 qua

248 3322 407 3394 oblatum
425 3333 479 3396 est
495 3323 707 3408 scandalum,
725 3324 867 3418 publice
880 3326 1037 3396 satisfiat.
1078 3325 1221 3395 Proviso
1238 3343 1386 3414 semper,
1396 3355 1432 3415 ²5

247 3448 288 3508 ut
306 3441 333 3508 si
357 3440 468 3511 altera
490 3463 569 3533 pars
593 3440 867 3533 appellationem
889 3442 1150 3534 interposuerit,
1166 3441 1283 3511 eidem
1306 3461 1389 3509 oon-

248 3557 410 3627 cionandi
427 3555 590 3639 officium,
608 3557 787 3650 pendente
803 3556 880 3642 lite,
894 3556 941 3627 sit
956 3557 1199 3628 interdictum.

284 3804 386 3879 LIV.
426 3803 691 3880 Cocciccotorcs
707 3804 918 3880 schismatici
933 3805 1082 3881 licentiis
1099 3809 1173 3879 sais
1189 3805 1353 3880 maletuti.

299 3971 338 4043 Si
361 3972 438 4066 quis
463 3996 525 4066 per
547 3974 857 4070 archiepiscopum,
875 3984 938 4047 aut
961 3978 1166 4070 episcopum
1186 3975 1312 4060 ullum,
1330 3972 1387 4045 vel

247 4088 453 4168 altemtram
482 4091 697 4162 academiam
727 4093 763 4162 in
788 4095 1005 4186 praeteritum
1032 4094 1077 4165 ad
1107 4092 1387 4164 concionandum
1394 4121 1434 4176 30

248 4204 428 4289 admissus,
459 4207 581 4299 quovis
611 4207 775 4302 deinceps
804 4217 964 4302 tempore
993 4211 1207 4282 recusaverit
1238 4207 1386 4302 legibus,

248 4322 429 4406 institutis,
463 4332 500 4393 et
530 4322 655 4395 ritibus
682 4325 926 4398 ecclesiasticis
954 4325 1045 4398 infra
1077 4347 1227 4420 regnum
1260 4321 1389 4417 Angli-

248 4459 376 4512 canum
392 4437 556 4512 stabilitis
572 4441 725 4535 seipsum
741 4441 959 4516 conformem
975 4442 1132 4527 reddere,
1150 4440 1304 4512 eundem
1324 4461 1388 4534 per
