3140 4972
268 187 332 257 178
489 191 707 256 sannanim
722 191 788 254 and
805 191 927 256 &nona
941 188 1187 256 Ecclesiastical.
1349 181 1409 270 [V.

266 366 449 436 annuatim
465 368 644 451 accedant,
661 369 800 460 quoties
816 364 1202 460 hujusregnilegibus,
1219 383 1261 434 aa
1277 359 1408 431 nostris

267 481 374 552 etiam
399 483 709 555 constitutionibus
726 483 918 575 jubentur:
945 505 986 554 ao
1008 481 1157 552 ulterius
1180 478 1328 569 numqui
1345 498 1410 548 ex-

266 599 378 668 tranei
403 599 621 691 irequentius
638 607 676 669 et
700 599 864 670 usitatius
889 621 910 670 a
934 597 1106 692 parochiis
1130 596 1253 668 alienis
1279 594 1324 665 ad
1349 615 1408 664 ec-

266 712 407 784 clesiam
430 737 530 785 suam
555 715 790 798 conveniant;
818 737 947 808 eosque
969 714 1073 806 (siqui
1103 717 1222 804 erunt)
1243 710 1407 780 ministro

264 853 328 900 suo
345 831 560 914 indicabunt,
577 853 623 901 ne
640 832 731 901 forte
749 831 793 902 sd
811 854 969 902 mensam
987 830 1133 900 Domini
1151 830 1245 899 inter
1256 833 1432 900 caeterost

263 947 497 1040 recipiantur3
532 950 625 1040 quod
656 949 680 1018 ii
711 948 913 1018 omnimodo
943 946 1191 1041 prohibebunt,
1221 945 1406 1036 dictosque

264 1073 451 1135 extraneos
467 1064 512 1134 ad
529 1064 684 1156 proprias
700 1063 872 1156 parochiae
893 1087 963 1135 suae
980 1062 1146 1134 ecclesias
1162 1085 1203 1132 ac
1225 1061 1405 1132 ministros

264 1180 464 1266 demittent,
482 1190 523 1251 nt
540 1179 612 1252 illic
629 1203 710 1250 cum
729 1180 850 1252 vicinis
867 1182 938 1253 suis
955 1203 1026 1252 una
1042 1179 1315 1250 communicent.

263 1428 413 1501 XXIX.
451 1429 619 1502 Parentes
633 1428 867 1502 inliteratum
881 1427 1287 1523 snorambnptismatc,et
1297 1427 1404 1521 pueri

341 1569 446 1618 coenoe
460 1545 611 1618 Domini
628 1547 816 1642 incapaces,
832 1555 1041 1641 smceptons
1057 1569 1127 1616 csse
1137 1541 1319 1640 prohibiti.
1413 1557 1448 1600 10

313 1711 483 1784 Parentes
512 1712 703 1784 liberorum
732 1737 875 1786 suornm
906 1714 1108 1808 baptismati
1135 1713 1303 1784 interesse
1330 1729 1402 1778 non

261 1831 499 1924 impellentur,
516 1854 633 1924 neque
650 1831 780 1902 eisdem
795 1833 903 1904 etiam
920 1834 1156 1927 permittetur,
1174 1856 1237 1926 pro
1254 1829 1401 1925 propriis

260 1945 453 2018 infantibus
466 1948 511 2017 ad
529 1970 665 2018 sacrum
679 1947 815 2019 fontem
828 1959 1070 2043 susceptorum
1088 1947 1165 2021 loco
1179 1947 1400 2041 respondere.

261 2059 437 2134 Praeterea
452 2063 540 2133 nulli
558 2065 761 2156 susceptori,
779 2072 842 2135 aut
859 2067 1064 2159 susceptrici
1082 2065 1218 2136 licitum
1232 2065 1310 2148 erit,
1323 2062 1400 2134 aliis

260 2179 375 2249 verbis
401 2179 437 2250 in
466 2180 708 2273 respondendo
738 2181 801 2262 uti,
830 2204 935 2273 quam
966 2205 1043 2275 quse
1072 2183 1108 2252 in
1134 2181 1222 2252 libro
1251 2179 1445 2274 publicae¹5

260 2294 412 2389 liturgiae
435 2295 525 2367 hauc
550 2295 587 2365 in
612 2305 748 2388 partem
769 2307 852 2367 sunt
876 2299 1098 2393 praescripta3
1124 2321 1190 2368 nec
1215 2297 1400 2389 quisquam

261 2411 306 2482 ad
324 2411 478 2481 officium
496 2412 705 2504 susceptoris
723 2412 778 2483 vel
796 2413 1017 2506 susceptricis
1032 2437 1096 2506 pro
1115 2412 1267 2506 parvulis
1283 2412 1400 2504 bapti-

256 2517 389 2609 zandis,
408 2527 464 2598 vel
491 2528 736 2599 confirmandis
761 2530 978 2614 admittetur,
1002 2531 1063 2622 qui
1084 2553 1192 2600 coenae
1215 2529 1398 2600 dominicae

258 2643 434 2736 particeps
451 2644 609 2714 nondum
626 2645 796 2716 extiterit.

350 2893 482 2966 XXX.
526 2893 651 2969 Oratis
668 2897 706 2966 in
723 2894 889 2992 baptismo
906 2896 1098 2968 ceremonia
1114 2892 1295 2990 caplicata.
1404 2921 1443 2962 πο

307 3059 489 3147 Dolemus,
519 3065 819 3159 praeclarissimum
848 3064 1042 3156 majestatis
1071 3085 1142 3134 suae
1171 3063 1328 3132 studium
1358 3071 1398 3135 et

255 3177 411 3252 laborem
441 3182 479 3251 in
512 3181 688 3274 colloquio
719 3183 765 3254 sd
798 3182 917 3253 aulam
951 3181 1268 3274 Hamptoniensem
1303 3181 1397 3253 circa

255 3297 394 3390 signum
413 3298 525 3369 crucis
541 3299 578 3368 in
595 3299 770 3392 baptismo
788 3298 896 3388 (inter
911 3297 981 3368 alia
996 3296 1163 3390 plurima)
1181 3306 1395 3389 susceptum,

254 3436 325 3484 non
348 3415 511 3487 meliores
534 3415 681 3487 effectus
702 3416 795 3508 apud
817 3415 949 3486 multos
970 3425 1209 3496 consecutum,
1227 3415 1312 3505 quin
1335 3413 1397 3482 ad-

253 3530 383 3601 hucin
406 3555 448 3604 eo
471 3531 653 3616 haereatur,
672 3533 816 3626 ejusque
839 3533 876 3602 in
902 3531 1077 3624 baptismo
1101 3553 1184 3601 usus
1210 3537 1394 3624 tantopere
1403 3551 1441 3611 ²5

254 3647 492 3741 impugnetur.
543 3646 671 3742 Itaque
688 3672 757 3740 quo
777 3647 903 3719 melius
919 3655 1079 3718 constare
1101 3645 1212 3739 possit
1235 3645 1394 3740 legitima

254 3762 358 3854 hujus
374 3764 582 3834 ceremoniae
598 3765 697 3848 ratio,
715 3763 889 3857 simulque
905 3772 947 3834 ut
964 3764 1077 3834 omnis
1095 3762 1278 3855 scrupulus
1295 3762 1394 3834 dein-

254 3903 337 3973 ceps
370 3890 585 3962 amoreatur,
614 3881 675 3972 qui
703 3880 887 3950 hominum
922 3901 1004 3950 rere
1035 3879 1276 3974 religiosorum
1310 3901 1394 3949 con·

253 3995 417 4067 scientias
432 3995 636 4089 perturbare
654 4018 795 4089 quoquo
811 3997 918 4067 modo
932 3997 1052 4090 possit,
1070 4020 1134 4069 nos
1150 3997 1187 4066 in
1204 3996 1270 4066 hac
1288 4017 1394 4067 causa

252 4112 473 4206 inclytissimi
491 4112 582 4205 regis
605 4113 714 4182 nostri
737 4113 893 4208 vestigiis
915 4115 1187 4198 insistentes,·ut
1204 4113 1265 4206 qui
1286 4113 1438 4207 scrip-30

251 4239 339 4300 turae
356 4229 579 4312 auctoritate,
596 4237 633 4300 et
650 4230 835 4322 primitive
855 4232 1011 4304 ecolesiae
1028 4232 1192 4326 exemplo
1213 4233 1249 4302 in
1266 4232 1390 4302 eadem

252 4347 404 4430 ducitur,
432 4343 570 4439 regulas
599 4369 640 4416 ac
669 4345 929 4420 observationes
958 4348 1063 4420 hasce
1092 4348 1219 4418 nostris
1248 4347 1391 4420 sinceris

250 4457 413 4530 omnibus
430 4457 585 4529 ecclesiae
602 4457 808 4553 Anglicanae
825 4463 992 4534 membris
1009 4462 1307 4546 commendamus.
