3140 4972
179 279 183 290 ¹
211 204 277 270 188
443 205 662 271 Constitutione
676 205 744 269 aad
760 205 882 270 Conona
897 207 1138 276 Ecckriustical.
1292 209 1352 299 [V.

150 439 183 470 .,
211 401 305 452 sonae
331 383 376 452 ad
403 380 675 454 ecclesiasticam
699 380 854 474 aliquam
876 383 1105 470 functionem,
1129 385 1352 481 dignitatem,

211 621 274 682 aut
291 614 501 686 beneficium
519 639 600 686 cum
618 638 710 696 cura,
729 614 784 685 vel
804 615 878 685 sine
895 639 988 698 cura,
1005 616 1062 688 vel
1080 619 1123 689 ad
1142 615 1353 689 ecclesiasti-

211 753 293 801 eum
322 731 436 802 ullum
465 755 594 804 munus
624 733 866 825 quodcunque,
893 741 977 804 ante
1007 756 1148 805 omnem
1179 735 1351 826 ejusmodi

210 848 480 934 iustitutionem,
503 849 738 933 collationem,
760 851 1070 934 consecrationem,
1087 850 1145 922 vel
1167 851 1376 926 confirma-5

210 966 346 1036 tionem
380 965 562 1036 electionis
595 967 791 1058 respective
824 966 1032 1051 faciendam,
1061 990 1350 1061 unumquemque

210 1081 376 1175 deinceps
398 1082 667 1164 admittendum,
685 1083 952 1166 instituendum,
971 1083 1232 1167 conferendum,
1251 1084 1351 1154 inau-

208 1199 417 1294 gurandum,
435 1209 497 1270 aut
514 1200 791 1270 confirmandum
809 1201 846 1269 in
863 1198 921 1270 vel
938 1199 982 1270 ad
1000 1199 1349 1293 archiepiscopatum,

209 1317 461 1410 episcopatum,
491 1315 549 1386 vel
578 1314 684 1386 aliam
718 1313 936 1407 spiritualem
969 1317 1043 1385 sive
1075 1314 1349 1387 ecclesiasticam

208 1433 439 1516 functionem,
466 1432 687 1526 dignitatem,
710 1431 978 1523 promotionem,
1002 1430 1161 1516 titulum,
1183 1430 1348 1517 officium,
1360 1452 1395 1491 10

201 1551 497 1644 jurisdictionem,
515 1548 643 1630 locum,
660 1557 723 1619 aut
746 1547 958 1618 beneficium
981 1571 1063 1618 cum
1085 1571 1177 1631 cura,
1195 1547 1253 1618 vel
1274 1549 1349 1621 sine

208 1691 303 1752 cura,
331 1665 388 1738 rel
415 1667 461 1737 ad
487 1664 764 1737 ecclesiasticum
796 1664 910 1735 ullum
944 1689 1074 1737 munus
1103 1665 1347 1759 quodcunque,

206 1785 369 1878 praesenti
377 1785 580 1876 juramento
593 1788 716 1852 oneret
727 1780 836 1874 (quod
847 1781 970 1874 utique
981 1805 1044 1876 per
1055 1805 1186 1866 omnes,
1198 1805 1347 1876 quorum

206 1900 380 1984 intererit,
405 1901 442 1971 in
467 1899 614 1992 propriis
641 1899 806 1991 persenit,
833 1905 871 1968 et
895 1879 967 1968 non
993 1921 1057 1991 per
1085 1907 1348 1992 procuratorem

207 2019 275 2090 erit
291 2017 541 2112 praestandum)
560 2017 626 2088 sub
642 2014 749 2086 modo
766 2023 803 2085 et
821 2013 934 2086 forma
951 2014 1201 2106 sequentibus:
1233 2024 1253 2054 ‘⁶
1269 2016 1347 2110 Ego
1358 2041 1391 2099 15

206 2133 247 2206 N
249 2179 258 2205 r
272 2133 321 2206 N.
340 2136 434 2227 juro,
459 2157 518 2204 me
544 2131 678 2204 nullam
703 2132 930 2204 simoniacam
954 2131 1178 2217 solutionem,
1203 2131 1349 2226 stipula·

205 2253 352 2336 tionem,
370 2250 427 2322 vel
447 2251 656 2343 promissum
676 2250 811 2320 directe
831 2257 895 2319 aut
917 2248 1090 2319 indirecte
1114 2272 1178 2342 per
1202 2271 1273 2333 me,
1290 2248 1347 2318 vel

207 2392 271 2463 per
287 2366 397 2439 aliurn
413 2366 609 2459 quemlibet
627 2369 700 2454 (me
716 2366 866 2448 conscio,
880 2373 944 2436 aut
960 2367 1218 2460 consentiente)
1236 2367 1347 2438 cuivis
1481 2391 1485 2398 ·

207 2507 364 2579 personae
394 2481 450 2555 vel
481 2483 637 2576 personis
671 2483 938 2576 quibuscunque
972 2481 1106 2566 fecisse,
1128 2506 1192 2576 pro
1217 2483 1275 2555 vel
1302 2485 1347 2555 de

79 2627 81 2634 ’
209 2601 464 2694 procuratione,
487 2598 545 2670 vel
574 2599 804 2690 acquisitione
833 2599 1078 2670 ecclesiastica
1104 2600 1209 2692 hujus
1235 2599 1392 2694 digni-20

206 2717 301 2800 tatis,
333 2715 412 2796 loci,
435 2715 675 2808 promotionis,
697 2715 814 2799 officii,
831 2714 887 2784 vel
911 2714 1073 2786 beneficii
1102 2715 1346 2807 (exprimendo

207 2834 403 2926 respective
421 2841 458 2902 et
481 2832 689 2902 nominatim
713 2831 831 2902 locum
849 2831 961 2916 illum,
979 2833 1016 2903 in
1033 2855 1139 2925 quem
1156 2832 1348 2904 admitten-

207 2949 283 3033 dus,
313 2948 559 3031 instituendus,
585 2948 826 3032 conferendus,
861 2949 1103 3035 installandus,
1129 2958 1193 3020 aut
1222 2950 1348 3020 confir·

206 3067 356 3136 mandus
374 3066 466 3156 erit),
485 3087 600 3157 neque
618 3065 782 3159 deinceps
802 3065 912 3136 ullam
930 3067 1102 3158 ejusmodi
1123 3066 1345 3150 solutionem,

207 3182 479 3275 stipulationem,
511 3181 567 3252 vel
600 3183 810 3276 promissum
844 3181 976 3273 absque
1009 3205 1089 3252 mea
1122 3182 1250 3253 notitia
1283 3191 1390 3270 aut25

206 3321 379 3368 consensu
403 3297 547 3379 factum,
573 3299 696 3391 quovis
722 3306 882 3390 tempore
906 3297 1155 3390 praestiturum.
1206 3295 1265 3367 Ita
1287 3320 1346 3370 me

207 3413 306 3484 Deus
323 3415 466 3506 adjuvet
481 3437 545 3507 per
562 3413 742 3485 Christum
760 3413 784 3484 J
786 3411 916 3484 esum.”

205 3687 310 3760 XLI.
344 3689 596 3787 Beneficiorum
616 3689 804 3786 pluralitas
818 3690 963 3786 parcius
986 3688 1225 3785 dispensando,
1249 3697 1281 3760 et
1303 3687 1346 3760 de

283 3806 462 3902 pascuali
478 3806 750 3902 dispensatorum
767 3807 954 3880 residentia
971 3808 1084 3879 cautio
1102 3805 1262 3878 ineundo.

256 3956 403 4029 Nemini
420 3961 637 4052 inposterum
654 3957 804 4028 facultas
817 3959 890 4029 sive
904 3955 1117 4049 dispensatio
1130 3957 1344 4027 concedetur
1352 3990 1389 4044 30

204 4076 249 4145 de
275 4073 433 4168 pluribus
462 4074 642 4146 beneficiis
669 4074 798 4144 curatis
825 4072 929 4144 simul
959 4073 1160 4156 retinendis,
1186 4076 1252 4146 uisi
1279 4073 1343 4144 tali

204 4191 388 4274 duntaxat,
411 4193 470 4283 qui
492 4215 555 4285 pro
579 4191 776 4261 eruditione
798 4213 862 4261 sua
884 4190 1030 4284 dignior,
1056 4200 1094 4260 et
1118 4191 1162 4260 ad
1189 4192 1343 4262 officium

203 4329 306 4378 suurn
330 4307 468 4399 plenius
488 4309 725 4400 praestandum
747 4307 873 4379 habilis
890 4317 928 4378 et
950 4308 1097 4378 idoneus
1118 4308 1342 4391 censebitur3

203 4423 369 4494 nimirum
395 4425 455 4517 qui
483 4423 527 4496 ad
553 4425 702 4518 gradum
730 4424 921 4518 magisterii
949 4425 993 4498 ad
1024 4423 1141 4495 minus
1168 4425 1206 4494 in
1231 4424 1343 4496 alters
