3128 4962
239 218 282 280 re
609 219 746 286 nmen
760 219 965 308 osorton
1292 215 1379 302 [111.

239 392 432 463 necessario
461 391 651 486 profluunt,
679 404 720 467 nt
747 395 853 489 plone
880 419 926 468 ex
955 396 1026 468 illis
1054 418 1156 489 aeque
1186 395 1274 466 tides
1300 392 1381 464 riva

240 509 403 603 cognosci
418 509 540 602 possit,
557 521 665 605 atque
681 513 785 584 arbor
801 535 847 583 ex
863 512 983 585 fruotu
993 512 1156 607 judicari.

557 806 672 906 Opera
688 809 1064 909 aotejintifiootiooem.

289 960 409 1053 Opera
431 984 512 1054 quae
534 961 626 1033 fiunt
648 973 732 1034 ante
753 963 904 1060 gratiam
921 966 1062 1050 Christi,
1083 973 1121 1037 et
1144 965 1286 1060 spiritus
1305 966 1381 1056 ejus

239 1077 407 1162 afflatum,
425 1101 507 1149 oum
531 1101 578 1150 ex
599 1079 670 1151 fide
686 1079 774 1152 Jesu
795 1081 927 1154 Christi
943 1106 1015 1153 non
1037 1082 1219 1176 prodeant,
1234 1081 1409 1151 minime5

241 1193 321 1266 Deo
337 1204 438 1290 grata
458 1202 551 1282 sunt,
568 1217 684 1288 neque
705 1198 855 1291 gratiam
874 1197 930 1289 (ut
949 1197 1055 1269 multi
1073 1207 1215 1286 vocant)
1235 1196 1279 1267 de
1300 1219 1382 1267 eon-

239 1336 328 1408 gruo
352 1320 543 1382 merentur.
595 1312 721 1397 Immo,
742 1337 826 1385 eum
846 1336 918 1385 non
938 1315 1009 1386 sint
1025 1314 1120 1386 faeta
1140 1322 1183 1384 ut
1199 1311 1299 1384 Deus
1321 1311 1382 1384 illa

240 1431 316 1502 fieri
346 1427 459 1503 voluit
493 1437 531 1500 et
563 1430 738 1524 pracepit,
773 1429 911 1525 peceati
943 1432 1117 1502 rationem
1146 1429 1277 1502 habero
1309 1449 1382 1502 non

241 1547 455 1620 dubitamus.

589 1744 704 1841 Opera
720 1746 1041 1846 supereropotionie.
1393 1746 1430 1787 ¹⁰

291 1895 410 1990 Opera
426 1919 503 1988 quae
521 1897 837 1992 supererogationis
853 1897 1043 1990 appellant,
1055 1919 1128 1968 non
1144 1902 1291 1990 possunt
1307 1894 1384 1966 sine

240 2015 439 2110 arrogantia
464 2024 502 2086 et
526 2015 710 2108 impietate
734 2013 927 2108 praedioan'.
979 2012 1076 2084 Nam
1106 2011 1175 2084 illis
1202 2010 1383 2082 declarant

241 2131 412 2215 homines,
430 2154 502 2202 non
525 2140 666 2202 tantum
690 2151 728 2201 se
752 2129 831 2200 Deo
853 2129 1010 2213 reddere,
1027 2152 1105 2223 quae
1126 2136 1303 2210 tenentur,
1321 2126 1385 2198 sed

241 2244 320 2337 plus
340 2247 376 2316 in
400 2248 476 2340 ejus
497 2247 648 2340 gratiam
670 2247 785 2318 faeere
806 2268 913 2338 quam
936 2247 1128 2330 deberent;
1157 2266 1240 2316 enm
1262 2251 1385 2337 aperte

242 2358 403 2430 Christus
420 2360 534 2432 dieat:
561 2359 653 2431 Cum
671 2359 826 2430 feceritis
842 2361 961 2431 omnia
978 2382 1194 2453 quaeeunque
1211 2365 1386 2453 praeeepta
1395 2375 1430 2435 15

242 2484 325 2546 sunt
342 2477 451 2560 vobis,
469 2476 588 2561 dieite,
606 2475 707 2548 Serri
724 2476 868 2548 inutiles
885 2499 1017 2548 sumus.

460 2721 570 2796 Nemo
580 2731 715 2819 preter
732 2720 912 2798 Christum
928 2724 1004 2795 sina
1013 2733 1163 2819 peram.

295 2890 455 2964 Christus
479 2893 517 2962 in
541 2899 669 2964 nostrae
693 2900 827 2962 naturae
852 2893 1011 2976 veritate,
1036 2915 1100 2985 per
1122 2893 1241 2963 omnia
1262 2891 1386 2964 similis

245 3009 360 3080 faetus
389 3017 444 3079 est
472 3009 583 3092 nobis,
613 3017 765 3102 excepto
794 3016 950 3102 peceato,
982 3033 1004 3080 a
1033 3033 1103 3102 quo
1135 3031 1276 3102 prorsus
1309 3017 1386 3080 erat

246 3126 422 3209 immunis,
445 3133 524 3196 tum
546 3126 583 3195 in
606 3148 720 3209 carne,
738 3133 817 3196 tum
833 3127 870 3196 in
894 3127 1028 3218 spiritu.
1080 3124 1194 3199 Venit
1211 3133 1252 3196 ut
1275 3143 1431 3220 agnusw

246 3242 378 3334 absque
410 3240 550 3313 macula
582 3250 684 3325 esset,
715 3242 775 3334 qui
804 3241 927 3312 mundi
960 3250 1107 3334 peecata
1135 3264 1199 3335 per
1227 3239 1388 3311 immola·

246 3360 381 3427 tionem
399 3358 452 3428 sui
472 3356 582 3428 semel
602 3359 733 3429 factam
749 3357 912 3443 tolleret;
938 3367 976 3429 et
995 3367 1180 3452 peecatum
1199 3357 1254 3447 (ut
1271 3357 1388 3448 inquit

246 3472 441 3568 Johannes)
458 3473 495 3544 in
521 3497 563 3545 eo
589 3496 660 3545 non
683 3483 780 3547 erat:
810 3475 871 3546 sed
896 3497 960 3545 nos
985 3475 1121 3568 reliqui,
1142 3476 1251 3546 etiam
1273 3471 1389 3566 bapti-

246 3590 327 3673 zati,
346 3598 383 3660 et
399 3591 435 3658 in
454 3589 595 3662 Christo
613 3592 819 3686 regenerati,
840 3591 877 3660 in
897 3590 1019 3661 multis
1042 3601 1161 3662 tamen
1179 3589 1388 3661 offendimus

247 3727 380 3776 omnes.
433 3701 481 3775 Et
506 3707 535 3776 si
560 3705 762 3788 dixerimus,
789 3707 871 3798 quia
896 3714 1083 3798 peecatum
1110 3730 1182 3777 non
1206 3706 1433 3790 habemuaas

248 3822 420 3915 nosipsos
437 3821 646 3903 seducimus,
665 3831 704 3893 et
721 3822 849 3892 veritas
866 3821 903 3891 in
920 3822 1021 3894 nobis
1036 3845 1108 3894 non
1126 3831 1190 3893 est.

559 4085 739 4185 Dolopeia
750 4097 831 4186 port
847 4087 1078 4186 Baptismum.

300 4236 387 4307 Non
411 4259 517 4308 omne
539 4246 726 4330 peecatum
747 4237 899 4309 mortale
921 4248 1002 4332 post
1025 4237 1248 4330 Baptismnm
1269 4234 1393 4305 volun-

249 4355 338 4426 tarie
354 4363 597 4448 perpetratum
615 4363 670 4426 est
689 4363 877 4448 peecatum
900 4355 935 4424 in
954 4353 1126 4447 Spiritum
1152 4353 1335 4434 Sanctum,
1353 4359 1392 4422 et

249 4469 506 4542 irremissibile:
531 4470 678 4564 proinde
695 4469 799 4565 lapsis
821 4492 844 4541 a
860 4469 1044 4565 Baptismo
1065 4471 1104 4541 in
1120 4481 1275 4564 peecata,
1292 4465 1439 4554 loousgo
