3140 4972
229 187 293 250 218
451 185 669 252 Oomtitbtiooa
684 186 751 250 ond
768 187 890 250 Conone
905 186 1146 252 Ecclcscbatical.
1317 147 1369 272 [v.

231 361 341 434 semel
363 363 538 434 duntaxat
561 363 707 456 singulis
730 363 909 434 mensibus
933 364 978 434 ad
1001 387 1039 434 se
1065 363 1276 445 venientem,
1295 361 1370 433 sine

231 479 327 550 omni
353 479 560 550 difficultate
586 481 772 550 certiorem
798 481 942 564 reddet3
968 505 1055 573 qnos
1080 489 1288 552 executores
1314 480 1370 551 vel

231 597 570 667 administrationem
588 605 751 690 petentes
762 597 875 689 judex
890 621 972 668 suus
985 599 1075 670 infra
1091 621 1249 669 mensem
1266 621 1371 690 prox-

231 717 303 785 ime
333 724 410 784 tum
439 713 706 807 precedentem,
733 716 779 786 ob
804 716 1116 809 incompetentiam
1145 738 1215 785 suae
1239 716 1277 784 in
1304 715 1370 785 hac

233 840 334 926 parte
362 833 624 925 jurIsdictionis,
658 833 703 903 ad
737 834 869 904 curiam
906 833 1141 927 praerogativa
1176 832 1346 902 dimiserit
1359 850 1395 915 35

233 950 339 1042 idque
356 949 421 1020 sub
438 971 542 1041 poena
558 957 746 1020 menstruae
763 950 997 1042 suspensionis
1017 950 1062 1020 ab
1079 949 1248 1020 exercitio
1266 948 1371 1019 officii

233 1091 296 1160 pro
330 1066 475 1160 singulis
509 1067 681 1159 ejusmodi
714 1065 863 1137 delictis.
917 1065 1061 1136 Proviso
1095 1087 1242 1158 semper,
1276 1065 1371 1157 quod

233 1206 383 1277 praesens
399 1184 615 1264 constitutio,
631 1181 688 1252 vel
705 1181 835 1274 aliquid
853 1183 890 1252 in
902 1184 1032 1280 eadem
1045 1191 1263 1264 contentum,
1277 1205 1372 1252 com-

234 1300 398 1392 positioni
428 1298 503 1381 ulli,
534 1322 610 1391 quae
639 1299 732 1368 inter
759 1299 1072 1392 archiepiscopum,
1101 1307 1139 1368 et
1168 1299 1371 1391 episcopum

235 1417 403 1508 quemvis,
431 1413 488 1485 vel
514 1414 623 1485 alium
649 1415 861 1484 ordinarium
891 1415 1135 1498 intercesserit,
1166 1417 1415 1507 neutiquam10

234 1531 495 1625 praejudicabit;
520 1554 586 1602 nec
609 1533 717 1600 etiam
736 1531 849 1623 judici
872 1533 982 1602 cuivis
998 1533 1162 1616 inferiori,
1181 1533 1241 1624 qui
1262 1531 1372 1603 ullam

235 1650 440 1722 testamenti
465 1649 717 1742 probationem,
746 1648 803 1718 vel
832 1649 1004 1719 bonomm
1033 1649 1373 1736 administrationem

235 1759 339 1837 alicui
357 1775 432 1836 tam
454 1789 500 1836 ex
518 1766 613 1837 dicta
634 1766 797 1837 inferiore
813 1766 920 1850 curia,
937 1789 1043 1859 quarn
1064 1789 1110 1836 ex
1134 1767 1230 1836 curia
1249 1790 1374 1859 praero-

235 1885 362 1978 gativae
389 1892 514 1976 sponte
543 1890 581 1952 et
610 1880 770 1952 consulto
801 1883 949 1952 eandem
983 1884 1120 1976 petenti
1150 1884 1371 1954 concesserit.

236 2001 381 2072 Proviso
406 2000 541 2084 itidem,
567 2000 690 2091 quodsi
717 2023 823 2092 quem
848 2001 884 2070 in
914 2000 1041 2070 itinere
1066 2002 1155 2070 mori
1181 2000 1372 2093 contingat,
1384 2018 1416 2076 15

236 2118 330 2189 bona
354 2116 425 2199 illa,
452 2139 529 2208 quac
557 2123 642 2185 tuno
671 2116 839 2208 temporis
866 2139 974 2210 penes
1000 2139 1038 2186 se
1066 2117 1240 2199 habuerit,
1266 2123 1374 2186 testa·

237 2243 399 2305 mentum
415 2233 524 2325 ipsius
541 2230 597 2301 vel
620 2232 791 2302 bonorum
814 2231 1153 2304 administrationem
1170 2233 1272 2304 curiae
1289 2255 1375 2325 prae-

237 2351 475 2445 rogativamm
491 2371 713 2440 nequaquam
730 2347 926 2441 subjicient.

237 2547 379 2620 XCIII.
431 2546 722 2618 Testomcatorom
753 2543 923 2641 probatio,
951 2549 1050 2642 picato
1083 2547 1245 2621 bonoram
1278 2557 1375 2620 noto-

294 2662 414 2736 tiliam
431 2688 564 2735 summo
580 2687 649 2736 aon
667 2673 888 2760 comparente,
906 2665 1098 2737 ordinariis
1114 2666 1322 2738 vendicetur.
1384 2685 1419 2724 ²0

288 2831 486 2904 statuimus
502 2832 646 2925 insuper
667 2839 705 2902 et
723 2832 932 2916 ordinamus,
954 2855 999 2902 ne
1024 2835 1101 2926 quis
1118 2833 1232 2925 judex
1249 2855 1373 2926 praero-

236 2951 364 3046 gativae
381 2948 682 3041 archiepiscopalis
695 2949 739 3019 ad
756 2949 1011 3042 praemissorum
1025 2948 1166 3042 aliquod
1180 2948 1375 3041 quemlibet

238 3092 284 3140 ex
310 3067 424 3138 officio
448 3067 624 3149 citabant
647 3067 748 3138 citari
770 3067 885 3151 faciat,
902 3068 970 3137 nisi
992 3068 1107 3137 eidem
1129 3068 1225 3160 prius
1248 3067 1376 3138 consti-

237 3184 332 3266 terit,
359 3181 567 3254 defunctum
592 3191 753 3275 tempore
778 3184 859 3253 vitae
886 3193 923 3254 et
952 3185 1075 3254 mortis
1104 3206 1174 3253 suae
1200 3184 1292 3253 bona
1319 3181 1376 3252 vel

238 3297 365 3370 catalla
388 3299 426 3369 in
449 3298 566 3390 aliqua
590 3299 659 3369 alia
684 3299 825 3370 dioecesi
850 3298 908 3369 vel
937 3299 1154 3381 dioecesibus,
1184 3298 1240 3369 vel
1267 3299 1420 3375 etiam25

237 3415 406 3510 peculiari
416 3416 670 3508 jurisdictione,
684 3415 774 3485 infra
786 3417 933 3486 eandem
950 3417 1163 3508 provinciam
1178 3415 1254 3498 sita,
1270 3437 1376 3506 quam

238 3529 275 3599 in
293 3551 362 3620 qua
378 3528 452 3599 fato
469 3531 585 3616 cessit,
600 3529 645 3598 ad
663 3551 836 3599 summam
849 3529 1003 3620 quinque
1020 3527 1188 3598 libramm
1203 3527 1248 3597 ad
1260 3527 1376 3597 minus

239 3645 412 3715 habuisse.
466 3643 563 3715 Nam
579 3644 641 3737 qui
658 3645 829 3714 minorem
847 3643 1000 3737 aliquam
1018 3667 1192 3715 summam
1209 3644 1276 3714 hoc
1294 3662 1377 3714 casu

238 3759 357 3843 habet,
375 3761 528 3832 eundem
551 3762 644 3833 bona
666 3760 834 3832 notabilia
855 3785 925 3832 non
945 3763 1084 3846 habere,
1102 3785 1166 3855 per
1188 3769 1377 3856 praesentes

239 3877 460 3949 decernimus
481 3888 518 3949 et
541 3877 768 3950 declaramus.
821 3878 976 3963 Proviso,
993 3881 1088 3972 quod
1110 3878 1189 3950 haec
1211 3877 1420 3960 clausula3o

239 3996 277 4065 in
301 3994 379 4076 hac,
397 4002 434 4066 et
459 3997 496 4065 in
521 3996 741 4089 praecedente
764 3997 1017 4067 constitutione
1040 4018 1212 4088 expressa,
1229 3996 1274 4065 ad
1299 3994 1377 4064 illas

240 4112 407 4183 dioeceses
440 4110 642 4182 nullatenus
675 4114 895 4196 extendatur,
930 4114 967 4182 in
1001 4114 1127 4204 quibus
1157 4135 1202 4182 ex
1236 4135 1377 4204 compo-

240 4229 366 4301 sitione
395 4228 453 4300 vel
484 4229 737 4300 consuetudine
762 4230 855 4301 bona
881 4229 1050 4301 notabilia
1078 4229 1210 4321 majore
1240 4249 1377 4299 summa

241 4346 465 4418 definiuntur.
517 4344 651 4430 Quodsi
682 4347 759 4439 quis
781 4347 895 4439 judex
924 4347 1176 4440 praerogativae,
1212 4353 1273 4416 aut
1303 4345 1378 4436 ejus

241 4464 439 4556 deputatus,
467 4461 525 4532 vel
550 4461 741 4532 eorundem
768 4463 998 4555 registrarius,
1023 4471 1087 4531 aut
1112 4461 1291 4554 apparitor
1315 4460 1419 4540 ali-35
