3140 4972
228 209 292 276 162
467 215 676 280 Oomdatiom
689 215 754 280 aaz
770 216 887 280 Uerum
899 211 1131 280 Boebeiaett'czl.
1290 204 1371 292 [lu

228 386 410 459 celeritate
427 389 647 462 solemnizari
663 391 777 462 facere
800 401 838 462 et
860 393 1021 463 obtinere
1043 407 1257 484 magnopere
1278 381 1369 454 desi-

229 504 380 588 deretis3
414 528 479 576 nos
510 507 668 578 volentes
696 516 738 577 ut
766 507 913 578 honesta
942 508 1018 578 haeo
1051 513 1168 577 vestra
1197 499 1374 572 desideria¹

230 622 391 692 debitum
408 621 555 695 celerius
573 634 830 717 consequantur
847 623 1034 707 effectum3
1059 621 1227 714 utigitur
1248 615 1370 687 matri-

229 739 388 809 monium
411 739 611 832 hujusmodi
634 742 671 810 in
694 740 842 811 ecclesia
858 741 902 810 de
920 740 960 812 F.
989 736 1234 832 [exprimendo
1257 731 1370 803 eccle·

231 857 318 926 siam
352 856 495 927 alterius
525 858 818 940 contrahentium,
849 855 904 926 vel
933 865 1120 950 parentum
1152 860 1215 922 aut
1243 849 1396 943 guber-5

233 982 396 1042 natorum
427 971 588 1066 suorum]
615 997 679 1066 per
703 982 886 1056 rectorem,
913 974 1091 1053 vicarium,
1118 992 1180 1041 seu
1208 975 1370 1038 curatum

232 1089 389 1180 ejusdem
407 1090 574 1176 eeclesia,
593 1091 716 1161 bannis
732 1087 1048 1160 matrimonialibus
1065 1088 1169 1157 unica
1186 1085 1263 1154 viee
1280 1092 1371 1152 tem-

231 1227 316 1296 pore
340 1204 635 1278 solemnizationis
658 1207 816 1298 ejusdem
840 1205 1055 1276 matrimonii
1079 1203 1147 1292 (uti
1171 1202 1277 1272 moris
1300 1201 1369 1292 est)

231 1319 374 1414 publice
395 1323 508 1404 editis,
527 1323 636 1393 libere
659 1332 697 1392 et
720 1322 817 1392 licite
834 1321 1053 1393 solemnizari
1077 1321 1193 1390 facere
1218 1326 1257 1387 et
1280 1316 1372 1387 obti-

233 1461 316 1509 nere
348 1441 488 1532 possitis
518 1450 555 1510 et
585 1441 740 1523 valeatis,
773 1447 854 1532 post
883 1439 1084 1509 cautionem
1117 1432 1415 1528 fidejussoriamro

197 1574 200 1584 ·
233 1556 465 1628 sufficientem
491 1581 537 1628 ex
561 1567 662 1650 parte
688 1565 809 1648 vestra·
829 1556 1082 1648 interpositam,
1107 1554 1215 1646 juxta
1243 1549 1373 1621 cousti-

234 1675 390 1744 tutiones
411 1677 621 1745 auctoritate
643 1675 740 1768 regia
765 1697 878 1767 nuper
899 1673 1033 1756 editas3
1059 1669 1252 1742 dummodo
1272 1668 1371 1739 vobis

153 1832 158 1841 ·
234 1790 370 1860 ratione
404 1793 724 1885 consanguinitatis,
764 1791 954 1873 affinitatis,
994 1795 1276 1884 praecontractus,
1314 1784 1372 1855 vel

235 1906 379 1978 alterius
412 1930 524 1978 causae
557 1909 794 2000 cujuscunque
828 1908 872 1977 de
900 1907 981 2000 jure
1018 1905 1202 2000 prohibita
1235 1902 1374 1973 nullum

235 2021 434 2117 legitimum
458 2025 494 2093 in
512 2047 555 2095 ea
576 2035 677 2118 parte
698 2025 875 2095 obstiterit
898 2024 1200 2118 impedimentum,
1218 2043 1285 2090 neo
1301 2019 1375 2090 ulla
1385 2043 1417 2100 15

236 2137 288 2222 lis,
306 2141 551 2222 controversia,
572 2164 634 2212 scu
652 2141 795 2234 querela
817 2150 916 2213 mota
938 2143 984 2212 sit
1001 2141 1058 2211 vel
1082 2138 1235 2234 pendeat
1256 2160 1374 2209 coram

237 2254 354 2348 aliquo
366 2257 488 2348 judice
506 2256 742 2329 ecclesiastico
760 2258 817 2329 vel
837 2259 931 2329 civili
948 2259 993 2329 de
1015 2256 1240 2327 matrimonio
1257 2254 1375 2347 aliquo

236 2381 417 2442 contracto
435 2373 490 2442 vel
508 2373 660 2468 allegato
678 2397 759 2444 cum
777 2374 946 2444 alterutro
964 2385 1117 2444 vestrum
1133 2395 1143 2456 ;
1160 2382 1198 2443 et
1214 2373 1375 2442 ministro

236 2487 392 2559 ecclesiae
408 2490 582 2581 praedictae
601 2491 697 2583 prius
714 2490 921 2573 constiterit,
939 2511 1001 2560 vos
1017 2490 1062 2559 ad
1082 2488 1283 2582 hujusmodi
1300 2507 1376 2558 ma·-

237 2605 392 2674 tn‘monii
410 2604 682 2677 celebrationem
705 2607 872 2677 accedere
890 2605 934 2675 de
952 2615 990 2676 et
1012 2629 1093 2675 cum
1111 2627 1275 2698 expresso
1293 2627 1420 2674 eon-20

238 2741 341 2790 sensu
366 2731 551 2813 parentum
574 2722 629 2792 vel
653 2723 928 2817 gubernatorum
951 2731 1171 2806 vestrorum3
1205 2745 1247 2792 ac
1269 2723 1375 2792 modo

237 2837 449 2908 matrimonii
467 2837 666 2931 hujusmodi
685 2839 874 2910 celebratio
891 2837 1030 2933 publice
1051 2837 1088 2908 in
1105 2838 1253 2909 ecclesia
1270 2838 1315 2909 de
1333 2837 1376 2908 F.

238 2953 404 3045 praedicta
426 2954 488 3024 liat
516 2956 608 3024 iuter
633 2954 736 3026 horas
758 2965 918 3025 octavam
942 2964 980 3025 et
1006 2955 1250 3026 duodecimam
1277 2953 1377 3026 ante-

238 3072 457 3155 meridianas,
492 3073 622 3164 absque
658 3083 776 3142 tamen
807 3073 1006 3166 praejudicio
1037 3073 1187 3142 ministri
1217 3071 1376 3141 ecclesiae

240 3190 284 3258 de
311 3189 366 3259 M.
389 3191 450 3258 nbi
474 3191 568 3260 dicta
595 3189 643 3259 N.
658 3189 701 3262 Ο.
727 3189 937 3282 parochiana
958 3189 1099 3272 existit3
1134 3187 1313 3258 licentiam
1339 3195 1376 3258 et
1386 3219 1420 3276 25

239 3304 446 3376 facultatem
475 3315 549 3375 tam
579 3307 677 3376 vobis
702 3305 1001 3390 contrahentibus,
1028 3329 1133 3398 quam
1164 3305 1301 3386 rectori,
1326 3305 1378 3376 vi-

240 3421 345 3504 cario,
373 3431 435 3491 aut
460 3431 581 3492 curato
604 3421 758 3494 eeclesiae
783 3423 957 3515 praedictae
982 3425 1172 3516 designatae
1198 3424 1378 3492 matrimo-

240 3537 340 3608 nium
357 3537 556 3630 hujusmodi
571 3541 736 3609 intervos
750 3539 999 3610 solemnizandi
1014 3539 1079 3610 sub
1095 3539 1202 3609 modo
1215 3547 1252 3608 et
1265 3537 1378 3608 forma

242 3655 399 3747 superius
416 3655 632 3746 specificatio,
650 3656 758 3746 juxta
781 3657 868 3727 ritus
891 3656 969 3727 libri
991 3655 1210 3750 publicarum
1233 3677 1377 3748 precum

242 3773 451 3841 auctoritate
469 3771 688 3862 parliamenti
712 3773 748 3841 in
766 3797 808 3843 ea
830 3783 930 3867 parte
952 3774 1039 3844 editi
1063 3783 1100 3844 et
1122 3774 1280 3856 stabiliti,
1297 3797 1423 3863 uec-30

242 3909 314 3956 non
337 3887 499 3957 omnibus
521 3887 598 3958 aliis
622 3887 753 3958 Christi
776 3889 938 3962 fidelibus
961 3891 1077 3962 eidem
1101 3890 1379 3962 solemnizationi

242 4005 482 4087 interessendi‚
510 4027 555 4074 ex
586 4005 690 4075 certis
715 4007 827 4077 causis
857 4006 1024 4102 legitimis
1051 4017 1088 4078 et
1114 4007 1380 4102 rationabilibus

243 4143 306 4212 per
330 4143 393 4188 nos
418 4121 627 4213 approbatis,
645 4131 818 4212 quatenus
843 4125 880 4194 in
905 4125 1005 4196 nobis
1030 4133 1094 4208 cst,
1118 4135 1156 4196 et
1174 4126 1256 4217 jura
1280 4128 1380 4221 regni

243 4237 425 4330 patiuntur
454 4237 490 4306 in
519 4235 585 4308 hac
611 4245 723 4330 parte,
751 4239 902 4334 benigne
932 4241 1156 4312 concedimus
1185 4249 1223 4312 et
1252 4241 1381 4335 imper-

93 4425 113 4448 *
244 4351 353 4423 timur
368 4375 431 4446 per
447 4361 645 4446 praesentes.
1389 4392 1424 4449 35

295 4465 440 4538 Proviso
457 4489 603 4561 semper,
621 4469 714 4560 quod
733 4471 760 4540 si
784 4469 954 4540 alteruter
971 4481 1124 4542 vestrum
1143 4471 1298 4544 clarioris
1317 4479 1383 4544 aut
