3128 4962
227 229 273 299 rc
621 233 958 321 amoenata
1320 232 1363 318 [Ι.

224 405 386 489 probatus,
407 407 613 492 quamobrem
634 406 768 472 illinon
792 405 895 472 solum
911 415 1048 490 'propter
1072 405 1166 484 iram,
1185 404 1243 468 scd
1264 403 1359 468 etiam

227 518 357 593 propter
372 509 608 590 conscientiam,
622 509 837 576 obediendum
851 511 922 594 est]

278 615 392 711 Leges
417 617 537 689 civiles
563 624 710 711 possunt
734 615 950 688 Christianos
975 623 1119 708 propter
1139 611 1303 707 capitalia
1324 621 1362 685 et

224 735 344 828 grevia
360 735 507 807 crimina
523 745 638 808 morte
654 734 790 830 punire.

191 847 193 852 ’
273 849 480 923 Christianis
495 850 581 924 licet
596 875 644 923 ex
660 850 827 924 mandato
845 848 1077 944 Magistratus
1100 869 1199 917 arma
1220 855 1389 941 portares

226 977 264 1040 et
273 969 374 1063 justa
389 968 484 1042 belle
500 969 753 1041 administrare.

348 1190 406 1263 37.
461 1181 740 1258 Christianorum
755 1182 843 1256 berec
859 1207 928 1256 noc
944 1191 1024 1256 aaut
1040 1179 1242 1254 commonia.

275 1320 478 1392 Facultates
495 1330 532 1392 et
553 1321 646 1392 bone
662 1319 939 1392 Christianorum
957 1340 1029 1388 non
1051 1325 1134 1387 sunt
1150 1315 1362 1397 communie,

226 1437 342 1530 quoad
359 1439 474 1531 juset
499 1437 762 1531 possessionem,
785 1443 827 1506 ut
850 1434 993 1528 quidam
1017 1433 1249 1527 anabaptistae
1274 1426 1363 1502 fnlsd

219 1555 378 1648 jactant:
404 1553 512 1626 debet
533 1564 654 1625 tamen
679 1555 826 1647 quisque
850 1554 896 1625 de
920 1551 976 1624 his
1000 1575 1081 1646 quae
1105 1549 1271 1645 possidet,
1299 1572 1362 1642 pro
1373 1567 1408 1610 10
1441 1611 1443 1614 .

226 1669 436 1742 facultatum
459 1671 605 1754 ratione,
623 1669 835 1764 pauperibus
857 1667 1096 1763 eleemosynas
1120 1664 1272 1761 benigue
1295 1666 1364 1738 dis·

227 1790 394 1862 tribuere.

505 1952 564 2019 38.
615 1944 713 2019 Licet
731 1944 944 2021 Christianis
948 1945 1086 2040 parcre.

275 2090 585 2176 Quemadmodum
602 2092 845 2186 juramentum
871 2109 1001 2159 vanum
1026 2095 1063 2158 et
1088 2087 1314 2157 temerarium
1341 2083 1364 2158 ai

228 2206 383 2280 Domino
400 2217 520 2280 nostro
542 2207 630 2280 Jesu
647 2207 788 2280 Christo
809 2215 847 2276 et
870 2205 916 2276 ab
932 2202 1107 2298 Apostolo
1123 2203 1199 2297 ejus
1215 2202 1408 2287 Jaccb0,15

227 2322 433 2396 Christianis
448 2324 649 2397 hominibus
665 2324 893 2396 interdictum
909 2342 985 2392 esse
1002 2321 1165 2404 fatemur,
1182 2321 1233 2390 ite
1246 2317 1364 2391 Chris·

227 2441 360 2512 tianam
385 2439 591 2535 religionem
616 2437 762 2512 minime
785 2437 971 2532 prohibere
988 2459 1182 2521 censemus,
1202 2435 1288 2530 quin
1303 2431 1364 2529 ju·

226 2555 336 2628 bente
354 2555 579 2650 Magistratu,
596 2557 634 2627 iu
649 2577 754 2646 causa
770 2554 853 2626 fidei
870 2562 907 2625 et
924 2552 1103 2625 charitatis
1114 2553 1234 2645 jurare
1246 2551 1364 2636 liceat,

224 2672 331 2745 modo
359 2671 396 2744 id
416 2673 483 2744 ‘fiat
501 2673 609 2765 juxte
632 2671 822 2767 Prophetae
848 2669 1054 2755 doctrinam,
1079 2671 1117 2740 in
1142 2667 1300 2753 Justitia,
1324 2669 1364 2739 in

226 2789 252 2860 J
253 2789 369 2860 udicio
385 2796 423 2861 et
440 2788 615 2863 Veritate.
1373 2799 1410 2842 20

376 3015 429 3085 39.
478 3011 691 3100 [Resurrectio
705 3017 895 3076 nwrtcomm
908 3011 1045 3077 mdcm
1059 3009 1213 3098 estsaeta.

269 3139 471 3206 Resurrectio
492 3150 689 3205 mortiterum
708 3161 774 3204 non
788 3139 893 3204 adhuc
906 3138 989 3204 iacta
1007 3150 1066 3218 est,
1080 3138 1170 3225 quasi
1185 3149 1309 3204 tantum
1323 3137 1365 3203 ad

226 3241 367 3308 animum
379 3242 547 3328 pertineat,
561 3241 619 3329 qui
631 3264 689 3327 per
704 3240 849 3307 Gnnrsrr
863 3242 996 3329 gratim
1010 3245 1030 3308 d
1043 3253 1145 3308 morte
1163 3253 1365 3330 peccatorum

226 3345 393 3425 excitetur,
415 3345 472 3410 red
493 3357 636 3411 extremo
658 3345 711 3411 die
733 3345 839 3431 quoad
859 3367 969 3410 omnes
990 3344 1047 3429 qui
1068 3343 1227 3424 obleniat,
1249 3367 1364 3429 expec-

226 3449 323 3513 tanda
336 3459 403 3513 est:
425 3459 502 3512 tunc
517 3449 603 3514 enim
616 3449 683 3516 rita
696 3447 854 3512 defimctis
871 3452 922 3533 (ut
932 3447 1103 3532 Scripturae
1113 3446 1364 3515 manifestissime
1373 3479 1408 3539 ²5

224 3553 391 3636 testentur)
408 3550 536 3634 propria
556 3573 698 3634 corpora,
713 3573 822 3616 carnes
844 3560 877 3615 et
895 3572 966 3615 ossa
981 3549 1200 3630 restituentur,
1214 3562 1252 3616 ut
1267 3550 1364 3616 homo

225 3653 360 3738 integer,
374 3663 470 3738 prout
483 3651 536 3717 vel
555 3657 640 3718 recte
654 3653 707 3718 vel
726 3652 849 3737 perdite
864 3652 979 3718 vixerit
993 3653 1088 3740 juxta
1104 3675 1162 3719 sua
1176 3676 1282 3739 opera,
1296 3655 1364 3721 sive

227 3756 357 3842 praemia
371 3757 437 3823 rive
451 3779 559 3843 poenas
572 3759 738 3843 reportet]

227 3971 279 4034 lc.
321 3967 565 4056 [Desencternm
578 3969 694 4034 enimse
707 3992 804 4056 acque
817 3991 887 4035 cum
901 3969 1076 4056 corportlm
1090 3969 1254 4049 ineant,
1267 3991 1365 4056 nepteo

659 4073 752 4138 otiose
766 4072 931 4138 dormiunt.
1372 4093 1409 4150 30

268 4198 335 4272 Qui
358 4199 477 4266 animas
502 4200 725 4268 defunctorum
749 4201 922 4285 predicant
946 4223 1048 4288 usque
1074 4201 1115 4265 ad
1140 4200 1226 4266 diem
1246 4200 1365 4288 judicii

225 4302 344 4388 absque
365 4304 452 4368 omni
473 4327 569 4370 sensu
590 4305 739 4384 dormire,
753 4314 808 4369 eut
827 4304 897 4370 illes
918 4314 1062 4369 esserunt
1076 4326 1140 4368 una
1159 4326 1233 4368 cum
1249 4324 1363 4388 corpo·

222 4403 311 4473 ribus
332 4404 424 4487 mori,
445 4418 479 4473 et
498 4419 641 4474 extrema
661 4407 712 4472 die
734 4430 807 4474 cum
827 4407 891 4473 illis
913 4407 1106 4485 excitandas,
1125 4408 1165 4472 ab
1185 4406 1362 4473 orthodoxa

211 4505 302 4594 lide,
316 4529 387 4596 quae
400 4510 491 4576 nobis
506 4511 541 4576 in
555 4509 650 4577 sacris
663 4509 764 4576 literis
778 4509 924 4591 traditu,
937 4532 1066 4596 prorsus
1081 4510 1297 4596 dissentiunt]
