3140 4972
237 195 302 258 coa
465 193 1161 261 comsummatus.
1319 191 1378 281 [v.

236 391 278 440 ac
295 371 433 442 musoeis
451 371 609 444 decentis
626 370 815 465 cujuslibet
831 381 868 444 st
885 371 1084 442 scholastici
1098 371 1247 443 vestitus
1262 389 1378 452 usum,

236 487 343 556 modo
365 509 411 556 ne
433 489 589 560 scissuris
613 497 676 560 aut
697 489 881 580 puncturis
898 489 1077 582 variegati,
1096 488 1200 558 dictis
1221 485 1379 579 personis

237 603 481 676 ecclesiasticis
505 607 768 700 permittimus3
805 607 953 699 proviso,
981 606 1035 675 uti
1060 627 1106 675 ne
1131 605 1169 674 in
1195 601 1378 696 publicum

237 721 304 791 nisi
318 729 334 762 ⁸
367 723 545 814 promissis
578 721 737 794 vestibus
770 721 886 793 induti
925 721 1107 815 prodeant,
1141 743 1207 791 nec
1242 717 1379 790 tibialia

236 847 362 932 gerant
386 838 550 910 colorata.
603 839 834 909 Tenuioribus
856 861 941 908 vero
964 838 1039 909 sive
1063 837 1281 909 beneficiatis
1304 836 1402 906 sivos

237 955 378 1038 curatis,
400 957 460 1048 qui
486 955 650 1028 talarium
675 966 839 1050 togarum
864 955 1063 1050 sumptibus
1088 977 1159 1025 non
1185 953 1376 1035 sufficiunt,

236 1069 387 1142 liberum
411 1072 479 1143 erit
500 1075 592 1168 togis
613 1075 667 1145 uti
689 1073 910 1156 curtioribus,
936 1073 982 1144 ad
1002 1072 1152 1143 formam
1172 1070 1377 1164 pradictum

236 1191 457 1280 comparatis.

378 1385 540 1463 LXXV.
575 1387 663 1461 Vitas
678 1387 842 1460 sobrietas
858 1388 1029 1460 ministris
1041 1393 1225 1482 precepta.

287 1537 445 1610 Ministri
463 1539 649 1634 oenopolia,
667 1549 729 1612 aut
750 1562 936 1633 cauponas,
953 1539 1021 1611 nisi
1042 1546 1188 1633 propter
1203 1554 1420 1631 congruas10

235 1655 389 1747 ipsorum
411 1658 647 1740 necessitates,
665 1679 735 1727 non
753 1655 1041 1749 frequentabunt,
1058 1655 1178 1726 necin
1195 1653 1237 1724 iis
1254 1653 1375 1724 cibum

234 1773 385 1863 capient,
404 1782 467 1844 aut
483 1773 617 1844 bibent.
653 1771 733 1844 Ncc
747 1795 829 1843 vero
847 1774 994 1844 sordidae
1010 1773 1115 1844 alicui
1133 1779 1195 1842 eut
1212 1769 1374 1842 illiberali

234 1911 348 1980 operae
365 1899 575 1972 assuescent,
592 1912 659 1960 nec
683 1889 933 1982 potationibus,
951 1899 989 1962 et
1006 1887 1155 1982 crapulae
1176 1909 1213 1958 se
1231 1887 1373 1970 dedent,

207 2059 209 2068 .
234 2013 420 2098 tempusve
445 2007 609 2088 interdiu,
635 2006 692 2077 vel
722 2018 831 2077 noctu
857 2008 970 2078 otiose
996 2006 1192 2099 transigant
1221 2004 1259 2074 in
1286 2003 1373 2087 alea,

234 2121 363 2192 chartis
380 2123 494 2216 pictis,
511 2122 661 2206 tesseris,
679 2121 800 2194 aliisve
818 2122 910 2194 ludis
927 2121 1060 2193 illicitis
1076 2120 1262 2191 exercitati
1276 2142 1285 2204 ;
1311 2121 1415 2191 sed15

235 2236 330 2308 horis
363 2239 527 2309 omnibus
560 2240 767 2332 opportunis
801 2239 859 2309 vel
893 2238 1074 2331 scripturis
1108 2234 1276 2330 legendis,
1309 2244 1374 2306 aut

232 2355 416 2426 audiendis
431 2355 648 2439 incumbent,
666 2354 724 2425 vel
741 2353 800 2424 alii
818 2355 971 2448 cuipiam
988 2353 1105 2424 studio
1122 2362 1186 2421 aut
1202 2352 1373 2422 exercitio

232 2469 400 2541 laudabili
426 2471 611 2554 vacabunt,
636 2493 679 2541 ea
704 2492 842 2563 semper
868 2470 1047 2552 facientes,
1078 2491 1155 2562 quoe
1184 2468 1229 2537 ad
1256 2467 1373 2561 probi-

232 2594 345 2656 tatem
369 2593 407 2656 ct
426 2587 593 2657 virtutem
617 2595 790 2680 spectant,
807 2586 1001 2679 seduloque
1019 2608 1161 2679 operam
1178 2586 1312 2668 dantes,
1329 2592 1372 2654 ut

231 2703 416 2774 ecclesiam
434 2702 503 2774 Dei
527 2713 766 2796 promoveant,
789 2727 964 2774 memores
986 2703 1164 2783 nimirum,
1182 2701 1311 2772 debere
1333 2723 1418 2772 seso

230 2819 374 2910 reliquis
404 2820 567 2891 omnibus
598 2821 679 2890 vitae
712 2819 915 2890 innocentia
941 2819 1139 2912 praelucere,
1170 2815 1372 2910 populoque

230 2936 393 3006 universo
419 2937 464 3006 ad
491 2937 601 3006 vitam
626 2947 734 3019 recte,
761 2945 799 3007 ct
828 2937 885 3029 pie
912 2935 1176 3018 instituendam,
1206 2933 1370 3027 exemplo

231 3073 328 3135 esse3
364 3051 430 3122 sub
460 3074 563 3145 poena
590 3053 811 3123 sanctionum
841 3051 1166 3133 ecclesiasticarum,
1195 3073 1281 3142 quas
1307 3074 1371 3144 pro

231 3168 353 3238 delicti
370 3167 542 3259 qualitate
559 3171 714 3239 severius
731 3169 800 3239 illis
817 3167 1023 3262 infligendas
1040 3166 1270 3260 praecipimus.

257 3364 439 3440 LXXVI.
466 3367 648 3440 Ministris
665 3391 687 3438 c
703 3369 876 3440 vocatione
892 3390 955 3438 suu
971 3364 1107 3437 resilire
1123 3363 1351 3436 interdictum.
1378 3388 1412 3443 25

282 3516 417 3588 Nullus
446 3519 484 3587 in
514 3518 651 3589 diaconi
679 3528 742 3589 aut
767 3518 960 3612 presbytcri
985 3518 1144 3590 ordinem
1174 3515 1284 3588 semel
1309 3515 1371 3586 ad-

232 3632 359 3703 missus
376 3634 499 3724 quovis
517 3633 682 3727 deinceps
699 3644 860 3729 ternpore
877 3635 922 3707 ab
940 3636 1065 3705 eodem
1079 3631 1200 3704 volens
1216 3630 1368 3712 recedet,

231 3771 298 3819 nec
324 3749 360 3818 iu
382 3751 463 3819 vitae
488 3772 559 3820 suae
583 3750 747 3821 instituto
772 3774 836 3843 pro
861 3751 951 3822 laico
976 3773 1014 3820 se
1040 3759 1150 3844 geret,
1177 3748 1243 3819 sub
1266 3769 1370 3841 poena

230 3867 627 3950 excommunicationis3
665 3889 858 3960 eorumque
884 3868 1042 3939 omnium
1071 3867 1224 3949 nomina,
1250 3865 1279 3934 si
1308 3863 1369 3955 qui

232 3981 454 4053 vocationem
480 4004 579 4052 suam
608 3983 729 4054 taliter
753 3984 929 4075 abjicient,
955 4005 1018 4074 per
1043 4003 1244 4053 oeconomos
1268 3999 1414 4072 paro-30

229 4097 398 4179 citiarum,
416 4096 453 4166 in
475 4098 602 4190 quibus
626 4093 798 4182 habitant,
821 4101 866 4170 ad
891 4099 1096 4192 episcopum
1120 4097 1368 4178 dioeoasanum,

230 4331 443 4402 deferantur.

703 4483 719 4516 ⁸
739 4471 890 4532 Cussoclrs.
