3128 4962
151 241 253 326 1552]
535 235 876 323 Anidacosltelipioa.
1237 233 1280 298 13

150 417 346 508 inquiratur,
361 421 641 508 accusenturqne
660 412 777 497 abiis,
794 412 854 506 qui
874 433 997 483 eorum
1019 410 1154 507 flagitia
1173 431 1280 482 nove-

149 529 224 616 rint,
239 539 347 625 atque
362 531 510 604 tandem
519 531 620 622 justo
635 530 789 602 convicti
799 529 946 623 judicio,
963 530 1195 624 deponantur.

525 810 584 877 28.
634 803 692 876 Da
707 801 900 900 Bapticmo.

194 953 406 1049 Baptismus,
439 976 512 1025 non
544 961 600 1027 est
633 962 773 1026 tantum
807 955 947 1050 signum
984 952 1207 1048 professionis
1239 973 1281 1023 ac

149 1069 352 1142 discriminis
372 1079 468 1154 nota
490 1094 561 1164 qua
576 1069 766 1142 Christiani
787 1070 809 1142 i
829 1094 901 1142 non
921 1069 1129 1142 Christianis
1154 1069 1307 1147 discer·5

149 1197 287 1273 uantur,
312 1187 376 1259 sed
405 1189 514 1260 etiam
543 1196 598 1260 est
623 1188 762 1283 signum
788 1187 1072 1282 regenerationis,
1097 1208 1160 1280 per
1186 1183 1282 1278 quod

150 1312 314 1398 tanquam
331 1325 395 1397 per
406 1305 681 1376 instrumentum
697 1310 794 1374 recte
808 1302 1030 1397 Baptismum
1043 1303 1282 1396 suscipientes,

150 1419 314 1492 Ecclesia
338 1421 549 1505 inseruntur,
566 1419 811 1515 promissiones
828 1419 873 1496 de
893 1419 1096 1492 remissione
1120 1427 1283 1514 peccato·

149 1559 223 1607 rum
247 1544 358 1630 atquc
382 1537 572 1630 adoptione
596 1543 715 1608 nostra
743 1537 781 1607 in
807 1536 898 1608 filios
924 1536 993 1608 Dei
1022 1560 1086 1631 per
1110 1535 1283 1631 Spiritum

149 1651 319 1724 Sanctum
341 1652 526 1724 visibiliter
549 1651 787 1747 obsignantur,
812 1651 900 1724 fides
924 1653 1160 1737 confirmatur,
1184 1661 1222 1725 et
1248 1652 1328 1723 viro

149 1769 269 1842 dirinae
300 1770 545 1854 invocationis,
576 1770 691 1865 gratia
731 1776 891 1864 augetur.
959 1777 979 1810 “
996 1768 1081 1841 Mos
1116 1769 1283 1841 Ecclesiae

150 1897 169 1928 “
183 1887 387 1982 baptizandi
420 1886 584 1982 purvulos
616 1895 654 1959 et
683 1885 879 1960 laudandus
912 1892 1045 1970 estet
1075 1887 1218 1958 omnino
1247 1886 1285 1957 in

149 2004 348 2078 “Ecclesia
368 2004 603 2077 retinendus?

485 2274 544 2349 29·
593 2267 651 2342 Dc
668 2267 776 2344 Coeao
791 2266 949 2340 Domini.

201 2415 314 2488 Coena
332 2414 477 2486 Domini
497 2437 569 2486 non
585 2423 640 2487 est
656 2379 797 2487 tantuin
817 2415 956 2509 signum
976 2423 1110 2488 mutuae
1134 2416 1328 2492 benere-15

152 2530 266 2604 ientiae
284 2530 567 2604 Christianorum
587 2533 681 2603 inter
701 2553 786 2616 sese,
803 2554 925 2602 verum
950 2533 1069 2626 potius
1094 2542 1148 2605 est
1165 2532 1288 2604 Sacra·

152 2657 313 2721 mentum
328 2657 456 2720 nostrae
472 2670 536 2742 per
551 2655 703 2720 mortem
720 2646 851 2718 Christi
868 2649 1128 2744 redemptionis.
1164 2648 1288 2744 Atque

151 2761 237 2836 adei)
254 2761 335 2846 ritis,
352 2761 457 2859 digne
474 2773 609 2836 etcum
626 2763 697 2834 fide
713 2764 942 2848 sumentibus,
957 2767 1056 2860 panis
1073 2790 1179 2860 quem
1196 2768 1290 2838 fran-

152 2884 264 2977 gimus
280 2891 340 2955 est
355 2883 626 2954 communicatio
650 2882 803 2975 corporis
820 2880 974 2954 Christi:
1000 2883 1162 2955 similiter
1182 2907 1290 2976 pocu-

152 2997 224 3070 lum
240 2998 509 3084 benedictionis,
526 3008 581 3070 est
597 2999 869 3070 communicatio
886 2999 1063 3095 sanguinis
1081 3000 1242 3072 Cunrsrr.
1299 3025 1333 3065 πο

200 3114 309 3188 Panis
327 3116 454 3186 etvini
476 3115 803 3187 transubstantiatio
818 3118 856 3187 in
873 3115 1104 3203 Eucharistia,
1121 3140 1168 3188 cx
1185 3117 1290 3189 sacris

153 3233 261 3307 literis
290 3233 432 3328 probari
460 3256 532 3304 non
561 3241 689 3328 potest,
715 3233 777 3304 sed
806 3233 936 3327 apertis
961 3231 1151 3328 Scripturas
1175 3233 1291 3305 verbis

153 3351 360 3422 advermtur
377 3349 400 3394 ¹*
415 3348 476 3394 ⁴⁸*
501 3356 540 3420 et
560 3349 754 3421 multarum
771 3350 1059 3443 superstitionum
1077 3350 1176 3421 dedit
1192 3372 1292 3422 oeca-

154 3465 299 3537 sionem.
1212 3545 1214 3548 .

199 3576 329 3664 [Quum
340 3587 461 3642 naturas
474 3577 620 3643 humana
631 3579 748 3644 veritas
762 3578 915 3665 requirat,
928 3589 966 3645 ut
975 3579 1071 3644 unius
1086 3579 1292 3668 ejusdemque
1301 3609 1334 3665 ²5

156 3679 291 3746 hominis
306 3703 421 3766 corpus
438 3681 474 3745 in
486 3681 595 3746 multis
611 3681 688 3747 locis
703 3681 798 3747 simul
811 3705 879 3748 esse
893 3705 958 3748 non
972 3694 1088 3767 posset,
1102 3683 1160 3748 sed
1178 3684 1213 3748 iri
1228 3707 1292 3749 uno

158 3781 263 3870 aliquo
286 3795 321 3848 et
342 3783 473 3850 definito
492 3783 561 3850 loco
576 3807 644 3850 esse
659 3796 812 3872 oporteat,
826 3786 943 3852 idcirco
958 3787 1102 3853 Cnmsrr
1118 3809 1244 3872 corpus,
1258 3788 1293 3853 in

157 3886 263 3951 multis
277 3896 312 3951 et
325 3886 458 3952 diversis
476 3887 553 3952 locis
569 3889 681 3954 eodem
699 3901 853 3975 tempore,
867 3912 1004 3975 presens
1019 3914 1163 3957 essenon
1179 3905 1292 3977 potest.

158 3985 201 4052 Et
213 3987 378 4073 quoniam,
397 3999 435 4053 ut
454 3989 584 4055 eadunt
598 3990 701 4058 Sacra
720 3992 1015 4072 litera,Cna1suus
1035 3995 1071 4059 in
1090 3995 1214 4062 Coelum
1233 3996 1295 4061 fuit

159 4089 312 4169 sublatus,
335 4102 368 4155 et
392 4090 438 4156 ibi
463 4115 565 4178 usque
590 4094 631 4160 ad
653 4094 750 4162 finem
775 4097 875 4161 seculi
900 4108 948 4163 est
969 4121 1204 4184 permansurus,
1229 4124 1338 4184 nongo

160 4191 254 4258 debet
278 4193 449 4280 quisquam
472 4193 617 4262 fidelium
643 4200 744 4264 carnis
771 4201 839 4288 ejus
864 4211 897 4266 et
920 4202 1082 4288 sanguinis
1105 4203 1238 4269 Reaiem
1258 4216 1295 4270 vet

160 4291 363 4378 Corporalem
387 4299 437 4378 (ut
457 4295 644 4384 loquuntur)
668 4304 866 4385 praesentiam
887 4303 922 4369 in
939 4304 1139 4372 Eucharistia
1154 4307 1208 4374 vel
1228 4331 1295 4373 cre-

161 4395 302 4462 deravel
316 4395 485 4486 profiteri]
656 4404 679 4449 ἱ
836 4405 858 4451 *
1012 4409 1035 4454 ἱ
