3140 4972
230 205 338 290 1604]
458 185 675 271 omento
690 207 757 272 aaa
774 209 896 273 cam
911 207 1153 272 maantam
1304 208 1367 271 an

377 531 559 603 LXXXI.
598 531 814 628 Baptisteric
831 534 869 603 in
887 531 1034 604 ecclesiia
1045 533 1220 629 paranda.

279 705 391 776 Prout
412 717 557 777 cautum
584 716 639 777 est
664 709 777 800 prisca
800 709 950 800 quadam
974 703 1237 792 constitutione,
1263 709 1369 781 hodie

226 822 264 892 in
281 823 490 914 quibusdam
507 823 665 916 partibus
684 822 879 919 neglectius
903 825 1033 909 habita,
1052 827 1240 896 statuimus
1257 834 1295 896 et
1313 848 1369 896 or-

226 938 400 1022 dinamus,
427 948 468 1010 ut
493 941 531 1010 in
556 943 652 1010 omni
677 940 885 1012 ecclesiast
910 941 1054 1034 capella,
1081 942 1142 1012 ubi
1172 943 1368 1035 baptismus
1419 1023 1421 1030 Ι

225 1055 458 1126 administrari
494 1057 685 1138 consuevit,
720 1057 966 1150 baptisterium
996 1081 1041 1128 ex
1077 1058 1192 1151 lapide
1222 1057 1259 1126 in
1289 1056 1393 1138 loco5

226 1171 421 1262 antiquitus
450 1173 581 1242 usitato
609 1181 805 1256 statuatur;
838 1175 875 1243 in
905 1197 976 1265 quo
1001 1173 1176 1244 duntaxat
1199 1171 1368 1243 ministris

226 1282 348 1354 licebit
363 1285 515 1356 infantes
531 1287 671 1379 publice
688 1286 876 1380 baptizare.

268 1607 472 1680 LXXXII.
509 1608 647 1680 Menace
670 1611 708 1681 in
727 1635 837 1682 sacrm
860 1635 963 1682 coenoe
988 1633 1087 1681 usum
1111 1609 1149 1680 ia
1175 1606 1322 1680 ecclesiis

704 1727 885 1823 parandae.

275 1900 367 1971 Cum
384 1904 485 1974 nobis
502 1906 647 1976 minime
665 1906 812 1976 dubium
829 1905 969 1987 existat,
983 1903 1069 1994 quin
1082 1901 1245 1971 omnibus
1262 1900 1367 1992 hujus
1378 1923 1411 1962 ιο

223 2018 324 2111 regni
348 2018 504 2091 ecclesiis
526 2031 750 2114 prospectum
778 2022 824 2091 sit
847 2019 892 2090 de
915 1999 1045 2089 mensis
1066 2018 1228 2110 congruis
1252 2023 1290 2085 et
1307 2018 1367 2087 de-

224 2135 386 2206 centibus
402 2137 447 2207 nd
465 2161 572 2208 coenae
597 2138 780 2208 dominicae
804 2135 1097 2217 celebrationem
1119 2121 1312 2203 'statuimus
1330 2142 1367 2202 et

225 2252 437 2335 ordinamus,
454 2263 495 2324 ut
512 2256 644 2326 eadem
665 2279 795 2326 mensae
812 2253 1061 2324 convenienter
1082 2261 1120 2322 et
1141 2252 1267 2350 decore
1284 2273 1367 2320 oon-

224 2376 416 2450 serventur,
434 2379 472 2439 et
489 2370 638 2442 subinde
654 2371 864 2453 reficiantur,
883 2391 923 2440 ao
940 2376 1101 2461 tempore
1122 2367 1231 2436 divini
1248 2365 1365 2438 cultus

223 2485 426 2578 operiantur
443 2495 564 2579 tapete
582 2511 627 2558 ex
650 2488 770 2570 serico,
789 2485 863 2557 sive
880 2508 926 2555 ex
946 2484 1016 2556 alia
1035 2484 1191 2564 materia,
1210 2505 1286 2576 quae
1303 2505 1366 2576 per
1376 2517 1408 2573 15

223 2600 292 2672 loci
315 2604 540 2688 ordinarium,
558 2605 670 2675 sicubi
688 2606 733 2677 de
756 2627 798 2674 ca
821 2603 967 2694 quaestio
990 2602 1132 2683 oriatur,
1150 2622 1305 2693 congrua
1327 2607 1365 2670 et

223 2719 351 2790 decora
366 2721 603 2812 judicabitur3
629 2721 704 2814 ipso
728 2729 847 2792 autem
873 2718 1184 2790 administrationis
1204 2725 1365 2809 tempore

222 2857 339 2928 panno
369 2833 463 2906 lineo
488 2837 633 2921 mundo,
662 2847 768 2930 prout
798 2837 861 2908 tali
894 2858 1024 2907 mensae
1054 2834 1229 2915 convenit,
1260 2833 1365 2903 vcsti-

222 2960 335 3034 antnr,
355 2975 487 3045 suoque
505 2962 602 3025 certo
620 2953 699 3026 loco
712 2955 916 3036 consistant,
929 2953 996 3022 nisi
1010 2974 1092 3022 cum
1105 2957 1363 3021 sacramentum

223 3068 291 3137 erit
307 3069 632 3154 administrandum,
651 3093 720 3164 quo
738 3071 881 3164 quidem
899 3080 1059 3162 tempore
1075 3069 1113 3137 in
1130 3064 1288 3150 ecclesia,
1306 3065 1362 3136 vel
1372 3098 1407 3137 20

222 3183 379 3276 ejusdem
397 3184 552 3257 cancello
576 3187 626 3257 ita
642 3188 912 3270 constituentur,
930 3195 971 3256 ut
989 3194 1067 3256 tum
1090 3183 1251 3253 minister
1271 3183 1364 3252 inter

221 3302 436 3391 precandum
453 3310 491 3372 et
513 3301 828 3373 administrandum
852 3301 1071 3372 commodius
1092 3299 1201 3392 possit
1224 3321 1245 3368 a
1266 3321 1362 3368 com-

221 3417 482 3489 municantibus
505 3419 675 3503 exaudiri,
692 3430 770 3490 tum
794 3419 1095 3488 communicantes
1112 3417 1220 3486 etiam
1236 3437 1362 3485 conve·

220 3533 375 3605 nientius
392 3543 429 3605 et
446 3535 578 3627 majore
595 3558 741 3606 numero
758 3559 779 3606 a
795 3535 957 3606 ministro
974 3541 1233 3604 sacramentum
1251 3531 1361 3624 perci-

219 3671 315 3741 pere.
367 3649 515 3744 Insuper
544 3661 716 3723 statutum
744 3660 782 3722 et
807 3651 990 3721 decretum
1015 3651 1071 3733 sit,
1101 3658 1143 3719 ut
1173 3647 1361 3742 decalogus
1370 3681 1404 3741 ²5

219 3767 385 3860 pingatur
407 3769 445 3837 in
468 3769 629 3839 orientali
653 3770 820 3861 cujusque
838 3765 993 3838 ecclesiae
1017 3773 1055 3837 et
1078 3764 1223 3858 capellae
1249 3773 1359 3857 parte,

219 3883 353 3953 undea
374 3883 506 3977 populo
523 3885 804 3956 commodissime
822 3886 917 3956 corni
935 3891 973 3954 et
995 3882 1066 3978 legi
1088 3883 1207 3976 possit,
1226 3905 1267 3952 ac
1283 3881 1360 3952 aliae

219 3997 358 4069 selectae
388 4000 638 4094 scripturarum
666 4001 855 4072 sententiae
885 4001 922 4069 in
952 3999 1143 4070 earundem
1168 3998 1360 4091 parietibus

219 4116 348 4207 passim
365 4117 404 4186 in
423 4115 510 4186 locis
528 4117 733 4209 opportunis
753 4115 1004 4187 describantur.
1058 4115 1229 4186 Similiter
1251 4116 1359 4185 etiam

218 4238 261 4301 ut
291 4232 391 4303 sedes
420 4255 575 4326 congrua
607 4234 766 4304 ministro
797 4242 1029 4316 construatur,
1060 4235 1097 4303 in
1127 4255 1196 4326 qua
1225 4231 1403 4327 divinas30

218 4368 340 4438 preces
352 4349 493 4432 recitet3
515 4358 621 4440 atque
639 4350 713 4420 haec
727 4353 844 4422 omnia
856 4351 1146 4444 parochianonrm
1161 4349 1359 4442 sumptibus

217 4463 452 4555 perficientur.

760 4602 777 4642 r
796 4599 815 4648 2
