3140 4972
230 187 297 251 eoo
452 176 1147 250 mnammancmmmmmm
1316 177 1370 264 [v.

235 459 358 534 LXII.
395 457 561 532 Miniotni
577 458 652 530 aino
673 455 796 530 bonnis
811 458 879 530 rite
895 456 1048 544 indicto,
1064 456 1118 531 oel
1138 455 1286 556 lepitime
1301 455 1372 528 dio·

393 574 549 671 pensatis
565 574 823 646 matrimonium
840 572 1007 647 cciebnme
1016 573 1198 671 prohibiti.

284 724 416 796 Nullus
432 725 604 809 minister,
621 722 686 795 sub
710 746 815 817 poena
838 726 1072 820 suspensionis
1094 749 1158 819 per
1178 724 1371 796 triennium

231 843 307 935 ipso
324 842 419 912 facto
441 839 666 924 incurrendae,
686 841 950 912 matrimonium
973 843 1067 912 inter
1089 840 1179 914 ullas
1205 862 1371 934 personas

233 958 435 1040 celebrabit,
452 957 584 1049 absque
601 955 769 1029 facultate
791 979 854 1028 seu
875 955 1018 1029 licentia
1033 957 1078 1028 ab
1101 957 1218 1050 aliquo
1236 973 1397 1041 eorum,5

232 1074 348 1168 quiin
370 1073 467 1145 hisce
484 1073 794 1144 constitutionibus
817 1074 945 1144 nostris
967 1073 1112 1144 inferius
1132 1073 1370 1167 designantur,

232 1190 371 1263 indulta
400 1198 439 1262 et
462 1211 647 1274 concessa;
684 1189 751 1260 nisi
776 1188 893 1260 banna
916 1189 1187 1261 matrimonialia
1210 1211 1274 1282 per
1299 1196 1372 1259 tres
1475 1255 1478 1259 ,

233 1307 309 1377 dies
322 1306 514 1377 dominicos
527 1305 714 1398 separatim
728 1304 860 1377 fuerint
873 1306 1094 1390 denunciata,
1107 1305 1214 1398 idque
1230 1302 1373 1398 publice

233 1423 271 1496 in
288 1421 443 1496 eeclesiis
459 1421 716 1514 parochialibus
732 1429 795 1492 aut
812 1421 966 1515 capellis,
983 1422 1044 1492 nbi
1064 1432 1182 1516 partes
1199 1421 1372 1514 praedictae

234 1548 503 1624 commorantur,
521 1562 563 1610 ao
583 1549 744 1632 tempore
761 1538 969 1623 divinorum,
986 1548 1092 1632 prout
1111 1540 1149 1610 in
1171 1539 1261 1610 libro
1283 1538 1373 1632 pub·
1383 1561 1417 1602 10

234 1657 314 1730 lione
339 1656 490 1751 liturgiae
511 1655 673 1727 habetur.
725 1655 856 1748 Neque
879 1655 973 1727 ullus
994 1655 1164 1740 minister,
1182 1656 1247 1727 sub
1269 1677 1373 1748 poena

235 1771 350 1857 simili,
368 1773 461 1844 inter
485 1772 659 1865 quaslibet
684 1794 858 1865 personas,
880 1773 1106 1865 quantumvis
1128 1772 1299 1866 ejusmodi
1321 1770 1372 1841 fa-

235 1889 406 1961 cultatem
423 1911 485 1960 seu
499 1889 755 1983 indulgentiam
772 1887 954 1972 habentes,
967 1911 1177 1980 quocunque
1193 1896 1373 1982 praetextu

234 2004 498 2076 matrimonium
521 2004 752 2077 solennizabit
768 2004 826 2076 rel
849 2013 1009 2099 tempore
1029 2005 1147 2099 aliquo
1169 2007 1372 2099 incongruo,

235 2122 297 2193 sed
323 2123 497 2194 duntaxat
521 2122 614 2192 intra
638 2121 741 2193 horos
758 2129 921 2193 octavam
943 2131 981 2193 et
1003 2121 1249 2194 duodecimam
1274 2130 1374 2192 ante·
1385 2142 1419 2201 15

235 2238 465 2322 meridianas;
490 2237 547 2308 vel
570 2238 608 2308 in
630 2236 709 2309 loco
731 2239 878 2332 privato,
896 2239 958 2309 sed
981 2239 1019 2309 in
1038 2237 1194 2312 ecclesiis
1217 2246 1375 2310 tantum·

235 2353 342 2424 modo
359 2351 415 2423 vel
438 2353 591 2446 capellis,
608 2353 670 2424 ubi
693 2355 847 2448 partium
870 2355 981 2426 altera
1003 2363 1249 2439 commoratur,
1266 2355 1375 2447 idque

236 2470 399 2542 similiter
409 2476 568 2562 tempore
581 2491 727 2562 precum
739 2470 977 2564 publicarum3
994 2471 1053 2542 vel
1066 2471 1209 2543 omnino
1222 2469 1376 2560 (etiamsi

237 2586 329 2655 trina
345 2584 541 2656 bannorum
557 2586 704 2657 indictio
721 2589 950 2680 praecesserit,
966 2609 1033 2660 nec
1050 2587 1124 2659 ulla
1144 2588 1290 2681 proinde
1307 2586 1377 2657 dis-

236 2701 397 2796 pensatio
414 2702 626 2796 requiratur)
645 2703 847 2796 priusquam
864 2713 1027 2797 parentes
1044 2713 1107 2777 aut
1123 2705 1376 2799 gubernatores
1383 2732 1421 2773 ιο

237 2818 532 2900 contrahentium,
558 2819 588 2888 si
614 2819 820 2890 vicesimum
840 2820 994 2914 primum
1015 2824 1128 2894 atatis
1149 2845 1222 2893 suae
1243 2844 1376 2893 annum

237 2957 309 3005 non
333 2932 597 3028 compleverint,
620 2957 830 3007 eonsensum
853 2961 957 3009 suum
974 2938 1031 3010 vel
1056 2939 1295 3033 personaliter,
1319 2936 1377 3008 vel

237 3073 301 3146 per
316 3051 560 3122 testimonium
577 3050 799 3124 luculentum
817 3055 912 3126 dioto
930 3057 1091 3127 ministro
1107 3055 1346 3151 significarint.

239 3341 384 3414 LXIII.
422 3341 588 3417 Ministri
610 3346 649 3416 in
672 3343 756 3418 locis
782 3347 947 3442 coemptio
970 3347 1046 3419 sinc
1071 3345 1261 3419 bannorum
1279 3345 1378 3441 piato

288 3459 485 3545 indictione,
502 3460 556 3534 nel
574 3461 825 3559 disponsatione
846 3461 998 3561 lepitimu
1018 3463 1277 3536 matrimonium
1298 3462 1422 3544 cele-25

288 3575 389 3647 brom
399 3575 579 3673 prohibiti.

289 3742 451 3830 Quilibet
471 3744 643 3829 minister,
660 3746 720 3838 qui
738 3752 862 3818 contra
883 3755 991 3840 atque
1012 3749 1049 3818 in
1066 3747 1380 3820 constitutionibus

238 3861 336 3934 hisce
358 3863 486 3934 nostris
509 3870 654 3934 cautum
671 3871 737 3947 est,
754 3864 848 3934 inter
868 3886 1033 3957 personas
1056 3887 1283 3958 quascunque
1304 3887 1380 3936 ma·

240 3979 446 4051 trimonium
476 3978 677 4063 celebrabit,
707 3980 773 4051 sub
798 3987 977 4073 praetextu
1002 3981 1189 4074 cujuslibet
1213 3982 1380 4052 immuni-

239 4096 334 4178 tatis,
360 4118 440 4186 quae
466 4097 572 4166 certis
596 4095 753 4167 ecclesiis
777 4119 819 4166 ac
844 4095 997 4189 capellis«
1011 4105 1201 4192 arrogatur,
1224 4121 1288 4191 per
1309 4096 1424 4188 loei3o

240 4212 467 4296 ordinarium,
484 4213 521 4281 in
538 4235 608 4304 quo
625 4211 675 4284 sic
692 4211 864 4283 offensum
882 4213 959 4296 erit,
977 4214 1140 4286 trIennali
1152 4213 1379 4308 suspensione

239 4328 429 4420 punietur3
457 4330 486 4399 si
509 4329 587 4421 quis
611 4337 733 4400 autem
758 4328 919 4400 minister
941 4353 989 4402 cx
1014 4329 1103 4415 loco,
1128 4331 1191 4404 ubi
1216 4331 1266 4403 sic
1292 4330 1381 4402 deli·

239 4442 366 4535 querit,
383 4449 467 4514 ante
484 4442 592 4514 latam
616 4453 739 4516 contra
757 4444 874 4538 ipsum
896 4447 1132 4539 suspensionis
1154 4444 1379 4531 sententiam,
