3140 4972
168 285 170 290 Ι
257 190 321 253 228
478 191 695 258 Constitutione
710 192 777 256 aad
792 193 913 256 eunom
928 189 1171 257 Ecclesiastical.
1333 188 1392 275 [V.

256 367 369 436 nomis
398 374 436 438 et
465 368 716 452 assistentibus,
746 367 956 459 reliquisque
989 389 1094 459 supra
1123 365 1321 448 nominatis,
1352 365 1390 436 in

255 483 457 554 criminibus
495 485 540 556 ad
572 494 732 578 tempora
765 484 909 556 iuferius
946 484 1142 576 praestituta
1174 480 1391 575 detegendis,

255 623 376 692 operas
402 625 480 672 suas
505 603 736 697 conJungere3
766 600 937 693 siquidem
965 598 1051 670 dicti
1076 598 1249 672 oeconomi
1274 605 1312 668 et
1338 619 1392 668 as·

254 716 416 788 sistentes
433 719 579 790 crimina
595 727 633 788 et
649 718 769 812 culpas
787 738 947 787 enormes
963 715 1000 785 in
1014 715 1084 787 suis
1100 713 1272 808 parochiis
1289 721 1392 782 noto-

253 831 320 901 rias
348 831 483 904 deleme
509 832 695 904 voluerint.
746 831 881 917 Quodsi
909 831 935 910 ii
962 829 1077 902 facere
1104 827 1416 908 detrectaverint5

253 955 331 1017 tum
358 947 480 1018 licebit
509 948 653 1044 singulis
682 947 875 1019 rectoribus
904 955 942 1015 et
971 946 1118 1028 vicariis,
1143 954 1205 1020 aut
1235 941 1319 1031 (illis
1348 951 1391 1010 ut

253 1085 357 1156 supra
373 1063 590 1159 absentibus)
608 1087 730 1136 eorum
746 1064 875 1137 ematis
892 1087 932 1134 oc
946 1061 1153 1146 substitutis,
1170 1060 1288 1134 omnia
1300 1060 1391 1152 ejus-

253 1178 349 1249 modi
373 1181 529 1266 crimina,
547 1181 591 1252 de
614 1181 740 1275 quibus
762 1181 848 1252 dieti
873 1181 1027 1252 officiarii
1049 1181 1182 1250 habent
1204 1178 1390 1273 inquirere,

254 1305 317 1367 aut
343 1295 411 1366 alia
436 1321 651 1391 quaecunque
677 1299 760 1394 ipsis
785 1297 925 1395 (utpote
954 1296 1080 1390 quibus
1110 1295 1283 1391 praecipua
1308 1315 1391 1370 curo

253 1413 390 1505 peceati
419 1412 510 1484 infra
538 1437 617 1484 suas
645 1415 825 1508 parochias
854 1412 1037 1485 coercendi
1066 1411 1253 1505 incumbit)
1286 1409 1434 1480 cerri-ro

254 1531 371 1624 ganda
398 1530 620 1616 videbuntur,
648 1533 864 1625 temporibus
890 1530 1102 1612 constitutis,
1129 1527 1186 1599 vel
1208 1526 1303 1608 alias,
1328 1526 1390 1595 ubi

255 1647 480 1718 commodum
504 1646 753 1740 judicaverint,
782 1650 826 1720 ad
856 1648 1047 1718 ordinarios
1076 1669 1157 1717 suos
1187 1644 1322 1716 deferre
1351 1652 1390 1712 et

253 1771 473 1857 prasentare.
524 1762 668 1835 Proviso
689 1787 836 1858 semper,
854 1763 977 1858 quodsi
994 1763 1071 1856 quis
1093 1770 1238 1855 peccata
1254 1783 1317 1831 sua
1334 1782 1391 1830 oc-

255 1877 402 1950 cultiora
418 1878 522 1949 alicui
540 1881 699 1952 ministro
715 1881 879 1974 privatim
903 1879 1122 1962 confiteatur,
1140 1878 1389 1950 conscientiam

256 2019 354 2066 suam
382 1996 614 2080 exonerando,
631 2021 701 2089 quo
725 1999 769 2069 ab
792 1997 854 2067 illo
878 1995 1093 2092 spiritualem
1115 1993 1390 2066 consolationem
1402 2009 1434 2066 15

256 2121 293 2183 et
319 2112 480 2183 levamen
503 2114 680 2206 percipiat,
705 2137 787 2184 eum
809 2112 875 2182 bac
897 2119 1017 2182 nostra
1039 2110 1289 2181 constitutione
1313 2107 1393 2177 nul·
1443 2161 1445 2166 .

256 2227 393 2298 latenus
419 2229 531 2298 teneri
558 2227 738 2312 volumus;
778 2230 862 2322 quin
894 2228 1011 2321 potius
1040 2227 1162 2298 stricte
1191 2224 1244 2295 illi
1273 2225 1392 2317 praeci-

255 2345 383 2438 pimus,
400 2366 445 2413 ne
468 2343 639 2435 ejusmodi
661 2344 802 2439 aliquod
824 2347 955 2417 crimen
977 2354 1038 2414 aut
1060 2343 1228 2414 delictum
1246 2341 1328 2411 fidei
1351 2364 1392 2411 ac

257 2459 491 2530 taciturnitati
518 2481 587 2530 suae
612 2460 733 2532 taliter
758 2463 982 2532 commissum
1013 2461 1122 2531 cuivis
1151 2481 1306 2551 personae
1330 2455 1393 2526 ali-

257 2577 398 2668 quando
421 2582 568 2670 retegat,
586 2578 652 2648 nisi
674 2579 720 2648 sit
743 2602 789 2648 ex
812 2602 854 2649 eo
874 2599 1002 2673 genere
1024 2577 1219 2656 criminum,
1243 2597 1392 2666 quorum
1403 2600 1437 2638 20

260 2687 449 2770 occultatio
467 2723 513 2770 ex
529 2699 666 2794 legibus
682 2701 786 2795 hujus
802 2705 900 2798 regni
918 2705 964 2775 sit
980 2701 1157 2796 capitalis:
1184 2699 1244 2792 qui
1257 2707 1394 2776 contra-

260 2805 395 2899 fecerit,
411 2838 453 2885 eo
470 2816 546 2908 ipso
563 2817 760 2912 irregularis
777 2828 863 2890 esto.

311 3013 450 3086 CXIV.
486 3013 694 3088 Recusooter
706 3041 772 3112 per
789 3018 964 3090 ministros
982 3019 1020 3089 io
1037 3017 1146 3090 coriis
1164 3011 1347 3114 detcpcndi.

309 3163 489 3248 Hectores,
513 3166 643 3248 vicarii,
660 3166 717 3238 vel
741 3166 853 3237 curati
877 3189 999 3238 omnes
1021 3166 1178 3260 quolibet
1201 3187 1293 3237 anno
1314 3162 1396 3234 soli-

260 3281 331 3350 cite
348 3281 533 3373 inquirent,
551 3291 638 3374 quot
654 3283 814 3375 papistici
832 3291 1032 3354 recusantes
1054 3283 1128 3366 viri,
1146 3281 1320 3363 mulieres,
1338 3279 1438 3355 velas

258 3396 357 3489 pueri
387 3396 481 3468 ultra
509 3398 679 3470 tredecim
709 3421 817 3470 annos
853 3399 938 3482 uati,
968 3407 1055 3491 quot
1082 3400 1192 3470 etiam
1218 3397 1395 3491 papisticae

260 3510 420 3606 religioni
438 3514 566 3584 tectius
586 3514 727 3597 addicti,
746 3515 806 3607 qui
828 3513 913 3586 licet
928 3515 965 3586 in
987 3515 1134 3587 ecclesia
1156 3538 1194 3588 se
1209 3523 1396 3608 praesentes

259 3630 394 3714 sistant,
417 3631 624 3704 sacramenti
647 3639 768 3703 tamen
793 3631 978 3725 participes
1007 3631 1082 3702 fieri
1107 3637 1280 3714 recusant,
1305 3629 1397 3702 infra

258 3767 338 3816 suas
362 3749 556 3840 respective
581 3747 760 3841 parochias
785 3757 1053 3831 commorentur,
1071 3749 1143 3819 sive
1165 3757 1206 3821 ut
1229 3747 1395 3841 hospites,

258 3864 331 3935 sive
348 3873 390 3935 ut
402 3865 572 3958 inquilini,
586 3888 778 3959 eorumque
790 3867 948 3936 omnium
961 3866 1103 3938 nomina
1119 3887 1210 3948 vera,
1224 3863 1395 3956 siquidem
1404 3889 1441 3943 30

258 4003 302 4052 ea
322 3989 491 4074 poterunt
519 3983 713 4075 exquirere,
731 3983 787 4054 vel
811 3983 905 4068 alias,
930 4005 1007 4075 quoe
1030 4006 1092 4075 pro
1115 3991 1275 4076 tempore
1296 4003 1397 4052 usur-

236 4167 239 4175 ,
257 4106 354 4190 pant,
372 4097 493 4170 debita
509 4121 648 4191 semper
662 4100 755 4170 inter
774 4099 934 4172 absolute
950 4108 988 4170 et
1005 4123 1050 4170 ex
1072 4107 1172 4192 parte
1195 4105 1395 4170 recusantes

258 4213 481 4285 distinctione
498 4225 644 4298 servata,
660 4217 699 4286 in
721 4216 889 4309 scriptum
913 4215 1076 4299 referent,
1098 4217 1293 4307 eademque
1309 4236 1395 4306 qua·

258 4337 364 4400 tanus
397 4339 535 4415 norunt,
567 4332 795 4424 creduntque,
827 4333 876 4404 sic
906 4334 1080 4416 distincta,
1115 4341 1152 4404 et
1189 4355 1252 4404 sua
1288 4353 1395 4402 manu

259 4446 442 4540 descripta,
459 4457 543 4520 ante
568 4449 698 4520 festum
721 4448 929 4522 Natiuitatis
950 4449 1131 4524 ordinariis
1152 4449 1224 4522 suis
1243 4446 1396 4520 fideliter
1404 4463 1438 4522 35
