3140 4972
241 205 306 268 alo
470 204 687 268 Cortatitah'one
702 205 769 268 aad
786 207 907 270 Conona
923 202 1165 267 aeclesiasticae.
1333 199 1385 282 [V.

242 387 321 448 tum
340 377 479 463 Latine,
496 388 559 448 aut
576 379 728 474 Anglice
745 403 808 472 pro
826 387 932 472 captu
956 402 1145 472 puerorum
1163 373 1386 454 edocebunt;

243 520 284 567 ac
314 497 452 588 quoties
481 497 572 567 infra
600 497 811 591 parochiam,
842 497 879 564 in
908 520 978 588 qua
1008 497 1147 578 docent,
1178 493 1385 564 concionem

243 611 395 704 aliquam
426 637 523 684 sacro
548 613 707 705 quolibet
734 623 771 682 et
797 613 922 682 festivo
950 613 1007 684 die
1035 612 1156 682 haberi
1187 608 1385 702 contigerit,

243 729 430 822 discipulos
447 752 527 800 suos
544 730 721 800 adducent
737 729 781 798 ad
799 726 995 812 ecclesiam,
1013 730 1137 820 inqua
1154 727 1250 797 dicta
1262 724 1386 795 concio

244 846 315 928 liet,
339 847 582 939 curabuntque
599 855 640 918 ut
663 847 794 918 ibidem
819 847 939 940 quiete
964 854 1002 916 et
1027 847 1188 916 modeste
1211 867 1249 915 se
1274 841 1411 913 conti-5

242 972 359 1045 neam,
377 986 505 1056 eosque
523 965 605 1034 inde
628 986 784 1035 reversos
801 973 961 1056 tempore
985 962 1103 1055 aliquo
1121 984 1274 1056 congruo
1292 958 1387 1053 sigil-

242 1078 342 1149 latim
376 1080 420 1148 ad
451 1103 600 1150 examen
634 1082 861 1162 revocabunt,
891 1079 975 1170 quid
1008 1103 1053 1149 ex
1088 1078 1184 1148 dicta
1217 1077 1386 1147 concione

243 1195 437 1265 didicerint.
472 1194 564 1266 Aliis
581 1206 703 1267 autem
720 1196 852 1279 diebus,
870 1195 1000 1268 talibus
1017 1197 1203 1266 sententiis
1220 1216 1265 1264 ex
1289 1213 1387 1262 sacra

243 1313 413 1404 scriptura
438 1311 571 1384 haustis
597 1314 739 1384 eosdem
765 1314 940 1383 instruent
970 1337 1011 1384 ac
1041 1314 1238 1392 instituent,
1265 1308 1386 1403 quales

243 1427 287 1497 ad
318 1450 439 1496 eorum
466 1437 605 1498 mentes
631 1429 763 1520 pietate
788 1429 995 1500 imbuendas
1021 1430 1178 1499 maxime
1204 1425 1320 1508 utiles,
1348 1434 1386 1494 et
1396 1447 1431 1484 10

241 1545 376 1613 idoneae
406 1544 629 1614 videbuntur.
681 1545 779 1615 Dicti
813 1547 921 1616 etiam
951 1545 1184 1638 ludimagistri
1213 1565 1387 1636 gramma-

242 1661 349 1730 ticam
384 1662 595 1731 auctcritate
631 1660 777 1732 Henrici
812 1663 928 1731 octavi
966 1663 1108 1743 editam,
1143 1669 1181 1731 et
1220 1659 1385 1750 deinceps

244 1775 407 1847 Edwardi
425 1777 529 1862 sexti,
547 1785 584 1847 et
601 1777 728 1870 reginae
747 1775 962 1848 Elizabethae
980 1777 1187 1848 felicissimae
1208 1775 1386 1845 memoriae

243 1894 460 1984 temporibus
482 1894 734 1975 continuatam,
753 1903 790 1963 et
813 1917 884 1963 non
907 1892 1013 1965 aliam
1037 1892 1228 1986 praelegent
1245 1901 1308 1962 aut
1324 1891 1387 1961 do-

243 2009 385 2079 cebunt.
437 2008 571 2093 Quodsi
595 2011 672 2102 quis
694 2011 904 2106 paedagogus
926 2019 1006 2106 post
1029 2011 1160 2082 factam
1185 2013 1240 2098 (ut
1267 2011 1385 2102 supra)
1397 2023 1430 2080 Ι5

243 2125 546 2217 subscriptionem,
577 2134 614 2196 et
643 2125 821 2198 licentiam
850 2129 923 2198 sive
954 2126 1160 2198 facultatem
1191 2127 1386 2206 obtentam,

243 2241 279 2311 in
296 2241 455 2334 quolibet
478 2243 733 2335 praemissomm
754 2243 950 2336 deliquerit,
970 2253 1007 2314 et
1023 2253 1146 2315 contra
1169 2242 1311 2336 aliquid,
1329 2243 1386 2313 cui

242 2358 379 2450 pridem
409 2359 668 2451 subscripserat,
699 2360 826 2443 dicere,
857 2361 1018 2443 scribere,
1046 2369 1109 2431 aut
1135 2360 1262 2430 docere
1292 2381 1388 2430 com-

243 2483 364 2570 pertus
387 2477 502 2560 fuerit,
520 2477 548 2546 si
572 2476 778 2569 interposita
802 2478 965 2548 ordinarii
989 2479 1230 2549 admonitione
1254 2499 1291 2548 se
1315 2498 1386 2546 non

244 2594 446 2675 correxerit,
464 2593 650 2663 edocendi
667 2616 813 2664 munere
831 2595 875 2663 de
893 2602 1020 2663 caetero
1037 2593 1302 2664 submoveatur.
1397 2611 1433 2650 ²0

390 2860 393 2869 ·
485 2831 541 2903 De
558 2831 714 2915 ecclesiia,
733 2841 765 2903 et
781 2831 879 2904 rebus
896 2829 1142 2906 ecclesiacticis,

409 3032 570 3104 LXXX.
613 3031 715 3104 Libri
732 3033 825 3103 socri
842 3033 880 3102 in
897 3030 1045 3103 ecclesiia
1057 3031 1224 3128 parandi.

295 3181 533 3255 Ecclesiamm
551 3193 588 3255 et
606 3183 819 3278 capellarum
840 3184 999 3254 omnium
1023 3184 1196 3255 oeconomi
1214 3190 1250 3253 et
1275 3183 1388 3273 inqui-

245 3299 368 3369 sitores
385 3297 515 3371 librum
532 3301 752 3394 publicarum
769 3323 924 3394 precum,
943 3324 1055 3394 nuper
1071 3300 1108 3370 in
1129 3300 1249 3393 paucis
1267 3296 1389 3390 expla-

245 3423 370 3485 natum
387 3438 432 3486 ex
455 3419 665 3488 auctoritate
681 3417 787 3509 regia,
805 3417 913 3509 juxta
930 3416 1026 3510 leges
1043 3426 1081 3486 et
1104 3416 1300 3507 majestatis
1317 3436 1387 3485 suae
1397 3434 1432 3490 25

245 3529 312 3600 hac
344 3532 381 3601 in
416 3541 515 3625 parte
554 3535 827 3628 praerogativam
863 3531 1061 3625 sumptibus
1097 3533 1388 3626 parochianorum

246 3649 509 3739 comparabunt,
529 3649 634 3741 idque
657 3658 830 3742 quantum
847 3649 1032 3719 commode
1055 3655 1224 3741 potemnt
1248 3655 1388 3718 mature

246 3771 284 3833 et
310 3765 481 3849 celeriter,
499 3767 550 3835 ita
574 3775 615 3835 ut
640 3766 832 3836 terminum
854 3764 1004 3835 duorum
1025 3765 1203 3835 mensium
1226 3763 1272 3834 ad
1295 3785 1389 3834 sum-

246 3901 345 3949 mum
372 3889 451 3972 post
477 3882 747 3952 constitutiones
771 3881 877 3952 hasce
904 3879 1143 3976 promulgatas
1165 3903 1388 3974 nequaquam

247 3997 431 4068 excedant.
485 3996 532 4067 Et
566 3998 594 4068 si
629 4021 705 4091 quae
736 3999 900 4082 ecclesiae,
934 3997 991 4069 vel
1025 3997 1150 4070 Bibliis
1183 3997 1434 4091 amplissimi30

247 4110 445 4196 voluminis,
471 4113 527 4184 vel
553 4114 777 4186 homiliarum
802 4115 899 4186 libris
924 4115 1066 4209 publica
1090 4117 1303 4187 auctoritate
1328 4138 1390 4208 ap-

247 4226 403 4319 probatis
427 4229 542 4300 adhuc
568 4232 747 4317 carebunt,
771 4233 904 4326 praefati
927 4235 1101 4304 oeconomi
1128 4232 1290 4304 similiter
1315 4232 1389 4304 effi-

188 4417 190 4424 ,
248 4343 352 4424 cient,
371 4354 411 4412 ut
430 4343 515 4415 dicti
539 4346 617 4417 libri
641 4351 930 4440 parochianorum
950 4349 1117 4443 impensis
1140 4349 1231 4422 iufra
1246 4358 1388 4443 tempus

249 4456 415 4528 idoneum
433 4471 648 4533 coemantur.
