3118 4968
257 203 300 264 ss
653 203 787 268 Aaou
800 203 995 290 ouum.
1345 207 1399 292 [v.

303 503 368 578 86.
420 507 477 580 Dc
492 507 745 605 Episcopowm
763 519 795 581 ct
810 507 1062 582 Ministrorum
1079 509 1342 582 coruccratioae.

305 657 465 730 Libellus
490 659 535 732 de
560 663 823 733 consecratione
848 660 1216 755 Archiepiscoporum,
1245 667 1283 732 et
1310 659 1397 755 Epi-

254 797 451 867 scoporum,
477 785 515 848 et
541 778 585 848 de
608 778 828 851 ordinatione
852 780 1158 874 presbyterorum,
1184 787 1222 850 et
1242 775 1398 850 Diacon-

253 913 365 975 orum,
383 894 499 965 editus
516 916 629 987 nuper
645 896 862 988 temporibus
875 895 1041 968 Edwardi
1059 898 1106 990 xj.
1124 905 1163 968 et
1178 894 1397 968 authoritate

254 1006 484 1080 Parliamenti
508 1008 578 1081 illis
603 1011 687 1104 ipsis
708 1013 928 1105 temporibus
950 1013 1187 1097 confirmatus,
1209 1013 1328 1085 omnia
1350 1014 1423 1086 ads

253 1127 427 1196 eiusmodi
469 1129 784 1214 consecrationem,
822 1137 859 1200 et
902 1129 1158 1199 ordinationem
1199 1131 1398 1202 necessaria

253 1242 424 1326 continet,
438 1250 476 1313 et
489 1243 576 1314 nihil
594 1243 714 1329 habet,
728 1246 822 1337 quod
838 1267 885 1316 ex
904 1268 941 1316 se
958 1246 1014 1329 sit,
1027 1253 1091 1316 aut
1104 1248 1396 1340 superstitiosum,

253 1366 315 1427 aut
331 1358 500 1451 impium:
527 1361 646 1452 itaque
663 1362 864 1454 quicunque
881 1363 983 1432 iuxta
998 1363 1087 1434 ritus
1103 1361 1198 1434 illius
1215 1363 1295 1434 libri
1312 1387 1399 1435 con-

253 1476 389 1559 secrati,
407 1483 470 1545 aut
487 1477 637 1547 ordinati
662 1487 756 1560 sunt,
772 1476 818 1548 ab
835 1500 927 1548 anno
945 1478 1100 1548 secundo
1121 1478 1280 1572 predicti
1302 1479 1397 1575 regis

253 1589 427 1673 Edwardi,
453 1613 561 1684 vsque
588 1594 633 1665 ad
663 1592 731 1665 hoc
760 1602 912 1687 tempus,
942 1599 1005 1665 aut
1033 1594 1265 1688 imposterum
1292 1595 1398 1668 iuxta
1407 1613 1440 1652 10

252 1707 396 1778 cosdem
412 1708 500 1778 ritus
517 1712 826 1794 consecrabuntur,
840 1718 902 1780 aut
919 1709 1184 1795 ordinabuntur,
1195 1710 1274 1796 rite,
1286 1721 1397 1805 atque

252 1824 383 1908 ordine,
401 1832 508 1917 atque
526 1825 683 1920 legitime
700 1826 889 1898 statuimus
906 1849 993 1914 esse,
1010 1835 1048 1898 ct
1069 1826 1144 1897 fore
1164 1837 1395 1915 consecratos,

252 1950 290 2013 et
307 1943 495 2014 ordinatos.

510 2126 569 2199 37.
621 2119 679 2192 De
695 2119 854 2192 malimus
871 2119 1136 2220 magistratibus.

303 2267 417 2362 Regia
442 2271 607 2340 maiestas
636 2270 674 2340 in
703 2270 771 2342 hoc
800 2271 925 2366 angliae
950 2295 1069 2367 regno,
1094 2293 1136 2342 ac
1161 2271 1297 2342 caeteris
1319 2269 1396 2342 eius
1406 2293 1437 2350 15

252 2384 425 2478 dominijs,
449 2408 625 2456 summam
647 2386 756 2458 habet
780 2395 1006 2481 potestatem,
1027 2389 1073 2459 ad
1096 2410 1214 2480 quam,
1235 2387 1395 2458 omnium

252 2509 411 2574 statuum
428 2502 532 2573 huius
549 2502 658 2597 regni,
672 2500 748 2574 siue
763 2502 816 2572 illi
833 2503 1061 2576 ecclesiastici
1078 2505 1161 2590 sint,
1173 2501 1248 2575 siue
1260 2503 1395 2587 ciuiles,

253 2620 290 2688 in
315 2619 478 2691 omnibus
500 2621 624 2706 causis,
645 2642 809 2714 suprema
829 2621 1039 2715 gubernatio
1061 2621 1227 2714 pertinet,
1245 2627 1284 2692 et
1305 2619 1396 2692 nulli

253 2743 409 2806 externae
425 2736 655 2808 iurisdictioni
674 2745 729 2808 est
746 2736 917 2823 subiecta,
933 2759 999 2808 nec
1016 2760 1092 2808 esse
1110 2737 1228 2808 debct.

303 2849 395 2922 Cum
413 2851 535 2947 Regiae
553 2852 739 2925 Maiestati
759 2875 934 2925 summam
956 2854 1250 2949 gubernationem
1271 2853 1395 2925 tribui·
1404 2875 1439 2916 20

252 2989 342 3062 mus,
355 2969 482 3061 quibus
500 2972 614 3043 titulis
626 2970 869 3065 intelligimus,
881 2971 1017 3043 animos
1030 2970 1249 3063 quorundam
1262 2968 1398 3040 celum·

252 3085 429 3157 niatorum
455 3085 596 3174 offendi,
621 3111 693 3160 non
719 3089 843 3160 damus
868 3087 1026 3183 Regibus
1051 3087 1189 3170 nostris,
1211 3093 1275 3156 aut
1296 3085 1396 3157 verbi

253 3201 334 3288 Dei,
360 3213 422 3274 aut
449 3203 759 3276 Sacramentomm
784 3204 1138 3290 administrationem,
1163 3201 1257 3295 quod
1285 3202 1397 3274 etiam

252 3319 487 3392 iniunctiones
513 3322 559 3392 ab
585 3319 796 3392 Elizabetha
818 3321 957 3415 Regina
984 3329 1113 3402 nostra,
1139 3339 1252 3412 nuper
1278 3318 1396 3402 editas,

252 3436 469 3528 apertissime
495 3445 683 3509 testantur.
735 3437 808 3508 Sed
837 3459 917 3509 eam
945 3445 1088 3508 tantum
1115 3435 1439 3530 praerogatiuam,r5

252 3573 357 3642 quam
375 3555 412 3624 in
429 3555 535 3626 sacris
552 3555 734 3649 scripturis
750 3578 773 3625 a
790 3552 869 3626 Deo
886 3555 972 3648 ipso,
990 3553 1154 3625 omnibus
1175 3551 1243 3646 pijs
1261 3550 1397 3624 Princi-

250 3668 364 3761 pibus,
399 3671 560 3743 videmus
593 3695 734 3766 semper
765 3671 872 3744 fuisse
906 3671 1128 3754 attributam,
1156 3668 1224 3740 hoc
1258 3677 1324 3752 est,
1355 3679 1396 3740 vt

251 3807 374 3857 omnes
399 3795 522 3872 status,
544 3797 652 3881 atque
675 3790 815 3860 ordines
839 3787 923 3858 fidei
949 3809 1019 3857 suae
1036 3808 1058 3856 a
1075 3783 1155 3856 Deo
1178 3785 1394 3868 commissos,

251 3901 325 3974 siue
342 3902 393 3974 illi
412 3904 619 3976 eclesiastici
636 3905 717 3989 sint,
740 3906 816 3977 siue
832 3903 964 3987 ciuiles,
987 3904 1025 3973 in
1042 3900 1157 3973 officio
1175 3901 1392 3986 contineant,

250 4030 289 4092 et
305 4030 532 4096 contumaces
548 4045 590 4094 ac
606 4021 862 4116 delinquentes,
878 4020 996 4117 gladio
1013 4017 1110 4091 ciuili
1127 4025 1325 4091 coerceant.
1400 4045 1436 4102 30

249 4277 358 4350 regno
376 4254 532 4351 Angliae

302 4372 418 4468 Leges
439 4373 555 4467 Regni
581 4379 728 4466 possunt
745 4371 962 4444 Christianos
987 4377 1130 4465 propter
1153 4366 1329 4462 capitalia,
1353 4375 1391 4438 et

249 4491 371 4586 grauia
387 4490 543 4575 crimina,
561 4499 677 4564 morte
693 4490 828 4584 punire.
