3140 4972
237 241 343 326 1604]
459 237 681 305 Corntitntions
695 238 763 302 ond
776 237 901 303 Conona
917 238 1157 306 Ecclesiasticnl.
1309 241 1373 308 lsr

234 414 421 509 acceperit,
446 416 514 487 nisi
539 416 635 509 prius
656 437 777 486 coram·
799 415 963 508 episcopo
989 416 1146 508 ejusdem
1173 416 1372 498 dioeceseos,
1405 471 1417 494 .

234 536 273 606 in
306 557 376 626 qua
408 556 596 605 munerum
628 532 853 626 praefutorum
887 531 1005 625 aliquo
1035 533 1134 627 iringi
1165 534 1302 616 debeat,
1336 534 1372 604 in

233 651 452 744 supradictos
474 648 640 721 articulos
662 671 725 742 per
740 671 865 719 manus
885 671 956 719 suae
978 648 1270 744 subscriptionem
1292 673 1376 721 con-

236 770 396 841 senserit.

234 1017 466 1092 XXXVIII.
499 1015 674 1099 Ordinati,
692 1025 773 1110 post
794 1013 1074 1111 subscriptionem
1092 1016 1400 1112 praennricontcs,5

581 1157 603 1205 o
619 1133 813 1205 ministerio
829 1132 1034 1205 remorandi.

286 1281 404 1376 Siquis
430 1285 600 1367 minister,
629 1291 817 1377 postquam
843 1283 995 1376 praefatis
1025 1282 1180 1354 articulis
1203 1281 1377 1375 subscrip-

236 1401 331 1483 serit,
358 1399 508 1495 liturgiae
535 1398 696 1480 formula,
714 1398 771 1469 vel
794 1398 920 1469 ritibus
941 1409 978 1469 et
1000 1400 1207 1470 ceremoniis
1234 1400 1376 1493 quibus-

235 1542 375 1610 cunque
390 1520 428 1589 in
445 1518 534 1589 libro
551 1539 695 1611 precum
712 1515 932 1611 publicamm
951 1517 987 1585 in
1005 1517 1118 1600 dictis,
1136 1516 1190 1586 uti
1211 1516 1375 1609 deinceps

235 1637 404 1719 omiserit,
448 1634 684 1728 suspensionis
726 1655 831 1726 poena
869 1641 1081 1716 coerceatur,
1119 1656 1161 1703 ac
1195 1633 1261 1704 nisi
1295 1642 1376 1726 post
1386 1649 1419 1688 10

234 1774 395 1823 mensem
425 1774 463 1823 se
488 1750 685 1822 emendarit
713 1775 755 1822 ac
785 1749 995 1836 submiserit,
1025 1753 1375 1837 excommunicetur;

235 1869 359 1962 quodsi
379 1891 443 1962 per
458 1867 567 1938 alium
588 1867 703 1938 adbuc
723 1889 882 1938 mensem
904 1869 942 1938 in
965 1866 1189 1939 contumacia
1211 1892 1373 1962 perman-

237 1987 333 2068 serit,
351 2008 373 2055 a
389 1985 583 2055 ministerio
601 2007 699 2055 sacro
716 1992 933 2055 amoveatur.

238 2250 431 2323 XXXIX.
458 2250 624 2326 Ordinnti
639 2252 715 2322 sinc
731 2273 879 2348 conpnco
897 2251 1089 2322 testimonio
1106 2274 1147 2323 nc
1163 2251 1320 2323 annotino
1337 2253 1376 2323 in

567 2366 727 2463 beneficia
743 2391 812 2438 non
830 2366 1043 2439 instituendi.
1387 2377 1419 2434 Ῑ5

285 2518 420 2590 Nullus
443 2520 627 2613 episcopus
649 2519 849 2590 ministrum
867 2519 1028 2610 quemvis
1050 2517 1095 2588 ab
1118 2516 1187 2588 alio
1212 2519 1377 2613 episcopo

235 2636 447 2719 ordinatum,
465 2637 501 2706 in
518 2635 729 2706 beneficium
747 2634 888 2727 aliquod
906 2636 951 2704 de
968 2644 1094 2705 caetero
1118 2636 1290 2720 instituet,
1309 2636 1376 2708 nisi

236 2753 297 2845 qui
315 2752 434 2824 literas
451 2752 678 2824 ordinationis
692 2775 762 2823 suae
777 2751 893 2822 eidem
907 2751 1110 2833 ostenderit,
1125 2752 1220 2822 etde
1237 2775 1376 2823 morum

234 2869 431 2952 honestate,
449 2871 592 2962 vitaque
617 2866 791 2962 probabili
816 2891 1010 2962 nougmum
1032 2867 1286 2951 testimonium,
1304 2871 1378 2961 epi-

235 3009 341 3079 scopo
351 2987 388 3056 id
404 2985 616 3080 postulante,
628 2985 829 3056 exhibuerit
842 3008 852 3068 ;
878 3009 919 3056 ao
933 2985 1000 3054 nisi
1011 2983 1130 3054 debite
1143 2986 1375 3068 examinatus,
1386 3001 1420 3041 20

236 3105 431 3176 ministerio
449 3127 512 3174 suo
529 3104 656 3198 dignus
674 3104 839 3174 inventus
857 3101 976 3172 fuerit.

238 3367 320 3441 XL.
346 3367 558 3441 Institncndi
581 3369 618 3438 in
641 3367 800 3464 beneficio
821 3368 981 3439 simonica
996 3368 1222 3463 suspicionem
1244 3365 1378 3439 solenni

548 3484 779 3580 jurejurando
786 3484 882 3579 jussi
899 3495 1057 3557 auertere.

285 3635 345 3707 Ad
357 3635 568 3708 detestabile
581 3636 737 3707 simoniae
753 3645 938 3729 peccatum
950 3637 1184 3707 coercendum
1196 3635 1376 3728 (quoniam

236 3753 482 3848 spiritualium,
508 3762 545 3824 et
574 3753 887 3824 ecclesiasticarum
914 3753 1147 3834 functionum,
1172 3751 1375 3834 officiorum,
1386 3773 1419 3833 25

236 3867 510 3960 promotionum,
527 3867 752 3961 dignitatum,
773 3876 811 3939 et
834 3868 1084 3939 beneficiorum
1108 3867 1316 3938 nundinatio
1339 3868 1377 3936 in

238 3981 307 4055 Dei
339 3992 531 4076 conspectu
562 3984 681 4053 odiosa
710 3993 775 4066 est,
805 3993 842 4054 et
876 3984 1088 4076 execranda)
1118 3985 1306 4054 statuimus
1339 3993 1377 4053 et

238 4100 449 4182 ordinamus,
475 4110 516 4170 ut
543 4099 835 4194 archiepiscopus,
861 4125 1053 4194 omnesque
1082 4110 1120 4172 et
1149 4100 1277 4196 singuli
1304 4101 1378 4193 epi-

237 4217 344 4310 scopi,
368 4227 475 4310 atque
498 4216 568 4299 alii,
590 4217 856 4311 quibuscunque
876 4219 937 4310 jus
960 4219 1131 4312 competit
1153 4217 1376 4299 admittendi,

237 4334 455 4417 instituendi,
479 4333 691 4416 conferendi,
718 4335 953 4417 consecrandi,
974 4334 1031 4404 rel
1059 4333 1270 4405 electionem
1295 4356 1421 4420 con-30

237 4451 399 4524 firmandi
417 4452 570 4545 cujusvis
591 4451 852 4548 archiepiscopi,
872 4453 1035 4546 episcopi,
1053 4451 1110 4522 vel
1133 4451 1278 4522 alterius
1299 4475 1378 4544 por.
