3118 4968
181 226 284 310 1571]
569 225 912 314 Anichcot'Rolsyion.
1279 229 1323 298 89

226 399 435 472 Christianis
451 400 549 486 licet,
560 424 607 473 ex
621 401 791 474 mandato
806 405 1045 498 magistratus,
1055 425 1152 474 arma
1168 367 1320 496 portare,

176 527 214 589 st
230 520 326 590 insta
341 518 436 591 bella
451 520 706 592 administrare.

334 791 392 858 38.
443 782 501 857 Dc
517 783 641 858 illicito
657 785 822 860 bonoram
839 785 1157 860 communicatione.

225 935 431 1008 Facultates
447 945 486 1009 et
505 939 598 1010 bona
614 939 893 1011 Christianomm
910 963 982 1010 non
1005 947 1088 1010 sunt
1105 939 1318 1022 communia,

175 1054 293 1146 quoad
317 1055 372 1125 ius
389 1063 428 1126 et
443 1057 698 1149 possessionem
723 1055 778 1148 (vt
800 1057 944 1149 quidam
961 1054 1211 1149 Anabaptistae
1231 1055 1346 1136 falsos

175 1172 324 1263 iactant)
351 1171 458 1243 debet
484 1181 606 1244 tamen
631 1175 779 1267 quisque
803 1175 850 1246 de
873 1174 930 1245 his
954 1198 1035 1268 quae
1060 1173 1227 1268 possidet,
1255 1198 1319 1267 pro
1405 1155 1412 1170 ’

175 1287 387 1359 facultatum
414 1289 560 1372 ratione,
589 1291 803 1384 pauperibus
829 1289 1048 1386 elemosynas
1072 1288 1225 1385 benigue
1251 1292 1320 1363 dis-
1366 1303 1373 1316 ‘

175 1408 343 1479 tribuere.

535 1611 594 1685 39.
645 1606 703 1678 Dc
719 1607 959 1680 tursomodo.

227 1758 537 1844 Quemadmodum
560 1759 798 1831 iuramentum
819 1783 961 1842 vanum,
980 1767 1017 1830 et
1041 1761 1270 1832 temerarium
1296 1761 1364 1834 siro

179 1875 336 1947 Domino
365 1885 486 1948 nostro
513 1876 597 1949 Iesu
626 1877 779 1961 Christo,
801 1886 839 1948 et
861 1875 1037 1972 Apostolo
1065 1877 1141 1948 eius
1170 1876 1318 1962 Jacobo,

176 1994 384 2066 Christianis
395 1993 597 2067 hominibus
607 1995 835 2067 interdictum
849 2017 936 2079 esse,
950 1994 1121 2065 fatemur:
1139 1994 1191 2064 ita
1200 1993 1319 2066 Chris-

175 2113 352 2183 tianorum
381 2110 588 2206 religionem
616 2109 763 2183 minime
792 2111 978 2205 prohibere
1008 2132 1203 2194 censemus,
1231 2110 1319 2204 quin

175 2228 322 2298 iubente
355 2229 565 2322 magistratu
598 2229 636 2298 in
665 2251 771 2300 causa
803 2227 896 2312 fidei,
927 2236 964 2298 et
994 2226 1174 2298 charitatis
1203 2228 1319 2299 iurare

175 2345 291 2428 liceat,
307 2340 416 2416 modi)
433 2346 470 2416 id
487 2345 550 2416 fiat
566 2345 668 2416 iuxta
685 2344 875 2438 Prophetae
892 2344 1099 2425 doctrinam,
1116 2343 1153 2414 in
1171 2343 1318 2430 iustitia,
1329 2363 1362 2423 ιε

174 2463 212 2532 in
228 2462 360 2533 iudicio
378 2471 415 2534 et
431 2461 592 2534 veritate.

441 2733 501 2801 40.
555 2728 783 2825 Confirmatio
799 2725 1052 2800 Articulorum.

224 2877 298 2950 Hic
324 2878 415 2950 liber
430 2881 692 2952 antedictorum
709 2879 954 2950 Articulorum
971 2879 1044 2950 iam
1061 2879 1178 2950 denuo
1195 2899 1320 2971 appro-

175 2995 280 3066 batus
313 3005 380 3080 est,
415 3019 480 3090 per
512 3020 705 3082 assensum,
746 3004 784 3068 et
826 3017 1036 3068 eonsensum
1080 2993 1319 3065 serenissimae

175 3111 322 3206 Reginae
347 3112 564 3185 Elisabethae
592 3113 755 3185 Domine
780 3121 919 3194 nostrae,
941 3109 1012 3182 Dei
1036 3109 1151 3205 gratia
1166 3108 1362 3204 Angliae,2o

175 3225 343 3313 Franciae,
373 3239 411 3301 et
438 3229 620 3301 Hiberniae
645 3230 792 3325 Beginae
817 3227 1009 3299 defensoris
1034 3226 1118 3296 fidei
1143 3223 1208 3295 duc.
1234 3225 1319 3296 reti-

173 3344 321 3427 nendus,
339 3353 378 3416 et
398 3369 462 3440 per
479 3355 596 3418 totum
613 3346 780 3442 Regnum
796 3343 938 3439 Angliae
956 3341 1194 3435 exequendus.
1245 3340 1318 3426 Qui

172 3459 342 3546 Articuli,
359 3471 398 3534 et
421 3462 506 3535 lecti
529 3470 624 3549 sunt,
640 3473 679 3534 et
699 3458 817 3534 denuo
835 3459 1042 3544 confirmati,
1060 3456 1318 3550 subscriptione

175 3575 221 3648 D.
251 3579 516 3675 archiepiscopi,
547 3589 585 3652 et
614 3579 869 3675 Episcoporum
897 3573 1082 3670 superioris
1112 3575 1250 3660 domus,
1279 3581 1318 3645 et

173 3697 284 3767 totius
322 3695 417 3768 Cleri
459 3698 632 3770 inferioris
667 3698 792 3769 domus
830 3695 867 3765 in
906 3692 1169 3765 conuocatione
1208 3689 1360 3765 Annos

172 3809 330 3884 Domini.
349 3816 458 3890 1571.
