3140 4972
236 173 301 240 168
455 176 671 241 &menaeus
686 177 754 240 and
770 178 891 240 Ounons
906 175 1151 241 Ecclesiastical.
1315 167 1375 256 [V-

236 356 278 420 ut
294 351 331 421 in
347 373 470 423 eorum
482 355 668 424 veritatem
684 353 781 425 salva
796 354 1010 424 conscientia
1022 350 1192 423 subscribi
1209 355 1374 440 nequeat,

236 471 565 541 excommunicetur
586 471 662 563 ipso
686 472 792 555 facto,
809 494 880 541 non
905 471 973 540 nisi
993 493 1057 566 per
1073 468 1374 561 arehiepiscopum

237 585 485 670 restituendus,
511 588 618 680 idque
646 596 833 682 postquam
863 590 1059 681 resipuerit,
1086 611 1128 658 ao
1154 585 1281 678 impios
1310 582 1376 653 hos

238 723 371 772 errores
395 701 537 795 publice
561 705 743 774 revocarit.

254 941 322 1015 VI.
367 943 647 1019 ceremoniarum
673 947 711 1016 in
744 943 882 1018 ecclesio
906 943 1104 1044 Asylicana
1134 943 1403 1016 obtinentium

616 1086 707 1148 coos,
718 1063 803 1158 pius
820 1071 852 1134 et
868 1061 994 1134 licitos.

289 1209 499 1304 Quicunque
523 1212 741 1304 inposterum
767 1211 963 1296 affirmabit,
987 1211 1144 1283 ecclesiae
1166 1207 1374 1303 Anglicanae

238 1325 327 1396 ritus
353 1349 394 1396 ao
415 1328 629 1398 ceremonias
655 1327 791 1422 legibus
808 1329 1028 1414 constitutas,
1047 1327 1182 1420 impias,
1208 1324 1375 1396 antichri-

239 1444 377 1526 stianos,
395 1453 459 1513 aut
487 1444 743 1536 superstitiosas
768 1465 856 1527 esse,
873 1443 931 1514 vel
949 1444 1100 1537 denique
1126 1443 1201 1536 ejus
1223 1441 1374 1536 generis,

238 1567 280 1628 ut
300 1559 461 1630 homines
481 1559 530 1652 pii
552 1583 594 1630 ac
614 1559 775 1654 religiosi,
793 1561 1018 1651 quantumvis
1041 1559 1201 1654 legitima
1224 1557 1376 1628 auctori·
1386 1583 1422 1622 10

238 1681 314 1744 tate
331 1675 431 1767 jussi,
448 1699 519 1746 non
541 1677 676 1768 possint
695 1677 833 1770 integre
855 1677 1070 1746 conscientia
1091 1697 1151 1744 eas
1171 1673 1374 1766 approbare,

239 1799 302 1862 aut
328 1793 521 1875 observare,
543 1792 601 1861 vel
630 1793 737 1863 etiam
769 1791 888 1884 (prout
915 1791 1050 1862 occasio
1079 1789 1218 1886 tulerit)
1242 1789 1376 1860 eisdem

239 1909 465 1992 subscribere,
483 1912 810 1981 excommunicetur
828 1910 904 2002 ipso
920 1909 1025 1989 facto,
1042 1907 1245 1980 nullatenus
1262 1905 1376 1977 absol-

238 2027 383 2109 vendus,
394 2028 596 2119 priusquam
609 2028 803 2120 resipuerit,
814 2049 855 2097 ac
868 2027 994 2119 impios
1008 2025 1073 2096 hos
1085 2048 1218 2097 errores
1234 2024 1377 2118 publice

238 2143 421 2214 revocarit.
1387 2167 1421 2225 15

272 2384 363 2459 vn.
396 2381 563 2457 nausa
585 2333 794 2482 Asylum
819 2385 1078 2457 muraenae
1102 2381 1200 2456 saco
1225 2382 1344 2456 assem

729 2525 887 2574 (londona-

290 2649 501 2744 Quicunque
522 2654 742 2746 inposterum
763 2651 962 2737 affirmabit,
987 2651 1143 2724 ecolesiae
1168 2649 1378 2745 Anglioanae

239 2767 306 2837 sub
321 2767 418 2862 regia
438 2769 626 2860 majestate
651 2769 809 2862 regimen
826 2777 864 2839 et
881 2768 1101 2862 disciplinam
1124 2787 1188 2861 per
1209 2767 1379 2862 arehiepi-

183 2881 185 2886 ’
239 2904 372 2976 scopos,
396 2884 585 2976 episcopos,
613 2885 773 2967 decanos,
794 2884 1067 2966 archidiaconos,
1094 2892 1132 2955 et
1154 2883 1307 2976 reliquos
1332 2885 1376 2954 ad
1386 2919 1424 2958 ιο

240 2999 397 3091 ejusdem
422 2999 698 3095 gubernaculum
721 3002 944 3085 constitutos
961 3001 1266 3072 antichristianum
1290 3023 1377 3084 esse,

239 3139 281 3186 oc
303 3117 410 3188 verbo
432 3118 550 3188 divino
573 3118 798 3200 eontrarium,
821 3118 1151 3188 excommunicetur
1172 3119 1249 3211 ipso
1272 3117 1378 3198 fecto,

239 3231 441 3305 nullatenus
463 3233 705 3316 absolvendus,
729 3235 931 3328 priusquam
952 3235 1148 3328 resipuerit,
1165 3257 1206 3306 ac
1229 3233 1379 3327 impium

240 3349 336 3422 hunc
353 3373 506 3423 errorem
523 3351 664 3445 publice
681 3353 865 3422 revocarit.

242 3599 353 3672 VIII.
381 3597 477 3673 Cleri
498 3599 687 3672 ordinandi
708 3602 801 3674 ratio
825 3601 862 3672 in
891 3601 1030 3674 ecclesio
1053 3600 1253 3700 anglicana
1281 3599 1425 3681 ocrbms

664 3715 782 3790 dinco
799 3741 956 3791 consona.

293 3865 503 3958 Quicunque
524 3868 743 3959 inposterum
763 3869 961 3952 affirmabit,
979 3879 1042 3940 aut
1059 3870 1213 3953 docebit,
1230 3869 1380 3939 formam

243 3993 281 4054 et
297 3984 405 4052 ritum
426 3985 615 4076 episcopeo,
633 3985 865 4078 presbyteros,
883 3996 921 4058 et
944 3988 1109 4057 diaconos
1132 3987 1325 4069 ordinandi,
1343 3995 1380 4058 et

242 4100 472 4193 inaugurandi
497 4101 682 4194 quicquam
708 4103 746 4174 in
764 4125 801 4174 se
818 4106 1008 4186 continere,
1026 4105 1121 4197 quod
1142 4113 1278 4198 pugnet
1298 4125 1380 4174 cum

244 4217 351 4287 verbo
375 4215 504 4299 diuino,
528 4216 677 4310 illosque
702 4241 836 4304 omnes,
857 4229 1033 4314 quotquot
1058 4222 1102 4291 ad
1128 4243 1211 4290 eum
1233 4221 1426 4303 modum30

244 4333 407 4426 episcopi,
435 4332 638 4428 presbyteri,
663 4342 701 4405 et
727 4336 864 4407 diaconi
888 4339 1103 4421 ordinantur,
1120 4359 1191 4406 non
1214 4357 1291 4407 esse
1313 4335 1381 4405 rite

244 4447 432 4532 ordinatos,
457 4471 572 4544 neque
592 4449 649 4521 vel
670 4475 693 4522 a
712 4453 833 4545 seipsis
855 4454 911 4525 vel
938 4455 984 4525 ab
1011 4453 1088 4525 aliis
1110 4475 1174 4547 pro
1200 4451 1381 4545 episcopis,
