3140 4972
225 207 289 275 192
444 205 663 271 Oomtaatioas
678 206 745 270 aad
761 207 883 270 Canens
899 201 1139 268 Ecokaimta'cal.
1306 196 1360 284 [V.

225 382 307 453 ficio
332 405 395 454 suo
420 405 484 476 per
502 383 608 476 hujus
629 383 728 476 regni
754 382 850 478 leges
870 390 925 453 est
947 379 1094 462 indulta,
1112 401 1175 472 per
1191 382 1363 455 curatum,-

226 500 288 590 qui
322 501 548 570 concionator
581 501 627 571 sit
664 500 822 583 idoneus,
860 507 898 569 et
931 495 1119 568 sufficienti
1152 492 1364 564 auctoritate

227 616 449 708 approbatus,
480 640 571 688 curae
605 641 675 689 suae
708 617 905 710 prospiciet,
936 614 1042 684 modo
1076 610 1240 710 beneficii
1268 606 1366 678 valor

227 755 300 803 non
333 741 516 826 repugnet.
581 732 756 804 Catemm
787 734 847 825 qui
878 733 1014 802 duobus
1048 728 1152 800 simul
1186 723 1365 798 beneficiis

227 849 428 940 perfruitur,
454 851 545 920 isin
570 850 632 920 illo
657 850 838 932 beneficio,
865 851 901 918 in
927 871 996 941 quo
1023 847 1097 939 ipse
1124 867 1195 916 non
1222 841 1392 925 resideas

229 966 511 1036 concionatorem
536 965 734 1060 legitimum
752 965 929 1048 retinebit,
948 964 1014 1034 nisi
1036 965 1150 1057 ipsum
1168 959 1366 1034 constiterit

229 1083 265 1151 in
282 1091 432 1174 utroque
442 1083 578 1176 jugiter
594 1082 801 1152 concionari.
1104 1067 1105 1070 ¹

231 1331 416 1404 XLVIII.
441 1330 616 1416 Ministri,
631 1333 702 1404 nisi
718 1356 762 1404 aa
778 1332 928 1428 apucopi
944 1329 997 1404 cel
1010 1329 1186 1403 ordinarii
1202 1324 1368 1424 approba

477 1450 577 1534 tione,
589 1474 659 1546 pro
676 1451 805 1522 aaratrb
821 1473 891 1522 aon
908 1447 1121 1521 admittendi.

283 1597 385 1668 Nulli
403 1608 525 1670 curato
543 1609 606 1672 aut
627 1603 788 1673 ministro
811 1601 1039 1696 permittetur
1054 1599 1156 1669 ullibi
1180 1619 1272 1668 curae
1295 1593 1415 1666 ani-10

232 1739 369 1787 marum
394 1716 574 1805 inservire,
596 1721 663 1790 nisi
689 1721 785 1813 prius
810 1743 874 1814 per
896 1718 1099 1812 episcopum
1121 1717 1387 1794 diocesanum,

233 1949 456 2020 examinatus
482 1973 524 2021 ac
550 1952 720 2024 admissus
746 1951 862 2033 fuerit,
884 1952 1028 2044 ejusque
1050 1951 1101 2020 rei
1126 1947 1370 2020 testimonium

233 2089 341 2136 manu
367 2067 520 2160 episcopi
543 2077 581 2140 et
603 2068 718 2164 sigillo
741 2070 985 2164 consignatum
1009 2067 1223 2149 obtinuerit;
1248 2065 1370 2135 habito

234 2205 373 2276 semper
390 2193 553 2278 respectu
575 2194 652 2256 tum
675 2187 719 2257 ad
741 2209 833 2256 curas
854 2186 962 2279 ipsius
983 2184 1274 2279 magnitudinem,
1291 2189 1371 2251 tum
1382 2203 1416 2262 15

235 2301 280 2371 ad
309 2323 465 2394 personae
494 2302 723 2375 admittenda
752 2302 987 2374 habilitatem.
1051 2300 1256 2385 Quinetiam
1286 2297 1372 2368 dicti
1436 2307 1440 2313 '

236 2419 348 2489 curati
378 2428 416 2489 et
440 2419 602 2501 ministri,
628 2421 798 2514 siquando
823 2443 869 2490 ex
894 2442 965 2490 una
992 2417 1132 2489 dioecesi
1159 2417 1196 2486 in
1225 2414 1374 2486 alteram

238 2535 451 2620 transierint,
468 2559 690 2630 nequaquam
710 2538 754 2608 ad
780 2561 900 2608 curam
925 2535 1035 2608 ullam
1061 2535 1294 2606 exercendam
1314 2532 1376 2603 ad-

237 2653 435 2735 mittentur,
453 2653 519 2723 nisi
545 2655 698 2746 episcopi
719 2653 794 2746 ejus
816 2655 1015 2736 dioeceseos,
1036 2652 1132 2723 unde
1157 2649 1374 2732 advenerint,

239 2768 298 2838 uel
327 2768 395 2840 loci
424 2770 587 2840 ordinarii
623 2772 679 2860 (ut
708 2773 826 2863 supra)
858 2769 968 2840 literis
1002 2767 1297 2840 testimonialibus
1330 2766 1419 2836 dero

240 2886 395 2979 ipsorum
420 2884 569 2956 honesta
593 2888 866 2969 conversatione,
893 2884 1111 2968 sufficientia,
1129 2893 1167 2954 et
1190 2883 1377 2954 consonui-

240 3010 316 3073 tate
333 3003 377 3072 ad
400 3001 654 3074 ecclesiasticas
676 3004 775 3099 regni
791 3002 983 3098 Anglicani
1003 3002 1099 3097 leges
1116 3002 1244 3072 muniti
1261 3023 1377 3072 acces-

241 3120 359 3190 serint.
412 3118 493 3190 Nec
523 3143 605 3191 vcro
629 3145 751 3192 eorum
776 3123 922 3192 cuilibet
949 3120 1087 3192 licitum
1115 3121 1193 3202 erit,
1218 3118 1377 3213 pluribus

241 3259 348 3330 quam
371 3237 432 3306 uni
457 3236 612 3308 ecclesias
632 3247 695 3309 aut
716 3238 858 3332 capellae
881 3261 952 3309 uno
979 3237 1173 3329 eodemque
1195 3235 1252 3305 die
1274 3237 1378 3307 mini-

242 3363 361 3436 strare,
378 3353 445 3423 nisi
470 3354 586 3424 forsan
611 3354 746 3448 capella
771 3355 831 3427 illa
856 3355 1011 3427 ecclesiae
1036 3353 1243 3447 parochialis
1267 3371 1422 3431 mem-25

241 3470 345 3541 brum
380 3446 519 3552 exis'tat,
554 3479 617 3541 aut
650 3472 765 3543 eidem
799 3473 910 3556 uuita,
945 3470 1001 3542 vel
1035 3471 1101 3540 nisi
1136 3469 1283 3541 ecclesia
1316 3479 1380 3540 aut

158 3627 162 3632 ·
243 3587 387 3680 capella,
406 3587 463 3658 cui
489 3586 610 3658 taliter
626 3589 803 3671 inserviet,
815 3588 951 3682 judicio
968 3587 1123 3681 episcopi
1141 3586 1197 3657 vel
1215 3587 1380 3658 ordinarii

243 3703 300 3791 (ut
317 3707 434 3797 supra)
453 3711 574 3774 curato
592 3704 718 3776 alendo
735 3728 806 3774 non
823 3704 1000 3777 sufficerit.

245 3953 389 4025 XLIX.
414 3952 598 4026 Ministris
610 3952 658 4025 ad
672 3953 942 4026 concionandum
959 3977 1028 4026 aaa
1040 3951 1202 4024 matesis
1215 3951 1338 4050 plassea
1351 3963 1383 4026 et

269 4069 502 4166 paraphrases
519 4071 555 4142 ia
568 4069 708 4166 publica
724 4072 976 4166 comptararum
993 4068 1133 4142 lautiora
1150 4068 1352 4142 interdicta.
1390 4097 1428 4154 30

297 4223 438 4308 Nullus
463 4239 703 4332 cujuscunque
737 4238 948 4311 conditionis
981 4240 1153 4322 minister,
1183 4263 1255 4310 non
1288 4238 1384 4331 prius

245 4380 310 4450 per
342 4358 546 4450 episcopum
575 4358 811 4428 dioecesanum
840 4358 1063 4430 examinatus
1089 4366 1127 4428 et
1160 4355 1384 4450 approbatus,

246 4483 309 4545 aut
326 4495 389 4566 pro
410 4471 607 4544 sufficiente
624 4482 662 4545 et
685 4474 812 4546 idoneo
837 4477 1093 4558 concionatore,
1110 4483 1153 4546 ut
1177 4475 1385 4569 praedictum
