<?xml version="1.0" encoding="UTF-8"?>
<!DOCTYPE html PUBLIC "-//W3C//DTD XHTML 1.0 Transitional//EN"
    "http://www.w3.org/TR/xhtml1/DTD/xhtml1-transitional.dtd">
<html xmlns="http://www.w3.org/1999/xhtml" xml:lang="en" lang="en">
 <head>
  <title>
</title>
<meta http-equiv="Content-Type" content="text/html;charset=utf-8" />
  <meta name='ocr-system' content='tesseract 3.04.00' />
  <meta name='ocr-capabilities' content='ocr_page ocr_carea ocr_par ocr_line ocrx_word'/>
</head>
<body>
  <div class='ocr_page' id='page_1' title='image "./synodaliaacolle00cardgoog_0096.png"; bbox 0 0 3118 4968; ppageno 0'>
   <div class='ocr_carea' id='block_1_1' title="bbox 193 183 1336 299">
    <p class='ocr_par' dir='ltr' id='par_1_1' title="bbox 193 183 1336 299">
     <span class='ocr_line' id='line_1_1' title="bbox 193 183 1336 299; baseline 0.005 -29"><span class='ocrx_word' id='word_1_1' title='bbox 193 183 307 296; x_wconf 59' lang='lat'><strong>1562]</strong></span> <span class='ocrx_word' id='word_1_2' title='bbox 585 211 717 276; x_wconf 62' lang='lat' dir='ltr'><strong>Aaou</strong></span> <span class='ocrx_word' id='word_1_3' title='bbox 729 211 922 299; x_wconf 58' lang='lat' dir='ltr'><strong>amum.</strong></span> <span class='ocrx_word' id='word_1_4' title='bbox 1282 213 1336 278; x_wconf 78' lang='grc' dir='ltr'><strong>ιιι</strong></span> 
     </span>
    </p>
   </div>
   <div class='ocr_carea' id='block_1_2' title="bbox 188 385 1368 1761">
    <p class='ocr_par' dir='ltr' id='par_1_2' title="bbox 189 385 1350 1039">
     <span class='ocr_line' id='line_1_2' title="bbox 189 385 1326 482; baseline 0.001 -26"><span class='ocrx_word' id='word_1_5' title='bbox 189 406 298 476; x_wconf 85' lang='lat' dir='ltr'><strong>quarn</strong></span> <span class='ocrx_word' id='word_1_6' title='bbox 319 387 358 456; x_wconf 90' lang='lat' dir='ltr'><strong>in</strong></span> <span class='ocrx_word' id='word_1_7' title='bbox 375 385 491 458; x_wconf 82' lang='lat' dir='ltr'><strong>Sacris</strong></span> <span class='ocrx_word' id='word_1_8' title='bbox 514 385 702 480; x_wconf 75' lang='lat' dir='ltr'><strong>seripturis</strong></span> <span class='ocrx_word' id='word_1_9' title='bbox 723 411 746 458; x_wconf 89' lang='lat' dir='ltr'><strong>a</strong></span> <span class='ocrx_word' id='word_1_10' title='bbox 763 387 841 459; x_wconf 86' lang='lat' dir='ltr'><strong>Deo</strong></span> <span class='ocrx_word' id='word_1_11' title='bbox 865 390 941 482; x_wconf 86' lang='lat' dir='ltr'><strong>ipso</strong></span> <span class='ocrx_word' id='word_1_12' title='bbox 964 387 1127 460; x_wconf 90' lang='lat' dir='ltr'><strong>omnibus</strong></span> <span class='ocrx_word' id='word_1_13' title='bbox 1142 388 1209 482; x_wconf 85' lang='lat' dir='ltr'><strong>piis</strong></span> <span class='ocrx_word' id='word_1_14' title='bbox 1231 389 1326 482; x_wconf 92' lang='lat' dir='ltr'><strong>prin-</strong></span> 
     </span>
     <span class='ocr_line' id='line_1_3' title="bbox 189 481 1326 598; baseline 0.002 -26"><span class='ocrx_word' id='word_1_15' title='bbox 189 503 328 595; x_wconf 87' lang='lat' dir='ltr'><strong>cipibus</strong></span> <span class='ocrx_word' id='word_1_16' title='bbox 352 504 512 575; x_wconf 84' lang='lat' dir='ltr'><strong>videmus</strong></span> <span class='ocrx_word' id='word_1_17' title='bbox 538 527 676 598; x_wconf 82' lang='lat' dir='ltr'>semper</span> <span class='ocrx_word' id='word_1_18' title='bbox 695 481 807 575; x_wconf 65' lang='lat' dir='ltr'><strong>iniisse</strong></span> <span class='ocrx_word' id='word_1_19' title='bbox 835 505 1062 589; x_wconf 84' lang='lat' dir='ltr'><strong>attributam3</strong></span> <span class='ocrx_word' id='word_1_20' title='bbox 1097 505 1164 576; x_wconf 87' lang='lat' dir='ltr'><strong>hoo</strong></span> <span class='ocrx_word' id='word_1_21' title='bbox 1190 513 1254 588; x_wconf 92' lang='lat' dir='ltr'><strong>est,</strong></span> <span class='ocrx_word' id='word_1_22' title='bbox 1283 513 1326 575; x_wconf 90' lang='lat' dir='ltr'><strong>ut</strong></span> 
     </span>
     <span class='ocr_line' id='line_1_4' title="bbox 189 620 1323 712; baseline 0.005 -24"><span class='ocrx_word' id='word_1_23' title='bbox 189 641 315 690; x_wconf 86' lang='lat' dir='ltr'><strong>omnes</strong></span> <span class='ocrx_word' id='word_1_24' title='bbox 336 629 449 691; x_wconf 76' lang='lat' dir='ltr'><strong>statiis</strong></span> <span class='ocrx_word' id='word_1_25' title='bbox 473 629 580 712; x_wconf 87' lang='lat' dir='ltr'><strong>atque</strong></span> <span class='ocrx_word' id='word_1_26' title='bbox 605 623 743 692; x_wconf 83' lang='lat' dir='ltr'><strong>ordines</strong></span> <span class='ocrx_word' id='word_1_27' title='bbox 764 620 848 692; x_wconf 90' lang='lat' dir='ltr'><strong>fidei</strong></span> <span class='ocrx_word' id='word_1_28' title='bbox 870 644 944 692; x_wconf 88' lang='lat' dir='ltr'><strong>snae</strong></span> <span class='ocrx_word' id='word_1_29' title='bbox 968 645 990 692; x_wconf 90' lang='lat' dir='ltr'><strong>a</strong></span> <span class='ocrx_word' id='word_1_30' title='bbox 1015 621 1094 692; x_wconf 91' lang='lat' dir='ltr'><strong>Deo</strong></span> <span class='ocrx_word' id='word_1_31' title='bbox 1112 624 1323 704; x_wconf 87' lang='lat' dir='ltr'><strong>commissos,</strong></span> 
     </span>
     <span class='ocr_line' id='line_1_5' title="bbox 190 734 1326 821; baseline 0.004 -17"><span class='ocrx_word' id='word_1_32' title='bbox 190 735 266 805; x_wconf 85' lang='lat' dir='ltr'><strong>sive</strong></span> <span class='ocrx_word' id='word_1_33' title='bbox 295 735 347 805; x_wconf 94' lang='lat' dir='ltr'><strong>illi</strong></span> <span class='ocrx_word' id='word_1_34' title='bbox 377 734 614 808; x_wconf 85' lang='lat' dir='ltr'><strong>Ecclesiastioi</strong></span> <span class='ocrx_word' id='word_1_35' title='bbox 641 739 721 819; x_wconf 85' lang='lat' dir='ltr'><strong>sint,</strong></span> <span class='ocrx_word' id='word_1_36' title='bbox 752 737 826 808; x_wconf 85' lang='lat' dir='ltr'><strong>sire</strong></span> <span class='ocrx_word' id='word_1_37' title='bbox 848 737 989 821; x_wconf 82' lang='lat' dir='ltr'><strong>Civiles,</strong></span> <span class='ocrx_word' id='word_1_38' title='bbox 1012 739 1050 808; x_wconf 93' lang='lat' dir='ltr'><strong>in</strong></span> <span class='ocrx_word' id='word_1_39' title='bbox 1072 738 1187 810; x_wconf 84' lang='lat' dir='ltr'><strong>officio</strong></span> <span class='ocrx_word' id='word_1_40' title='bbox 1213 738 1326 808; x_wconf 88' lang='lat' dir='ltr'><strong>conti·</strong></span> 
     </span>
     <span class='ocr_line' id='line_1_6' title="bbox 190 853 1350 950; baseline 0.011 -31"><span class='ocrx_word' id='word_1_41' title='bbox 190 863 310 934; x_wconf 82' lang='lat' dir='ltr'><strong>neant,</strong></span> <span class='ocrx_word' id='word_1_42' title='bbox 332 860 371 922; x_wconf 92' lang='lat' dir='ltr'><strong>et</strong></span> <span class='ocrx_word' id='word_1_43' title='bbox 395 860 619 924; x_wconf 84' lang='lat' dir='ltr'><strong>contumaces</strong></span> <span class='ocrx_word' id='word_1_44' title='bbox 643 876 684 924; x_wconf 88' lang='lat' dir='ltr'><strong>ao</strong></span> <span class='ocrx_word' id='word_1_45' title='bbox 709 853 954 947; x_wconf 77' lang='lat' dir='ltr'><strong>delinquentes</strong></span> <span class='ocrx_word' id='word_1_46' title='bbox 973 854 1091 950; x_wconf 89' lang='lat' dir='ltr'><strong>gladio</strong></span> <span class='ocrx_word' id='word_1_47' title='bbox 1113 855 1207 926; x_wconf 89' lang='lat' dir='ltr'><strong>civili</strong></span> <span class='ocrx_word' id='word_1_48' title='bbox 1228 875 1350 932; x_wconf 87' lang='lat' dir='ltr'><strong>coer-5</strong></span> 
     </span>
     <span class='ocr_line' id='line_1_7' title="bbox 190 977 306 1039; baseline -0.009 0"><span class='ocrx_word' id='word_1_49' title='bbox 190 977 306 1039; x_wconf 89' lang='lat' dir='ltr'><strong>ceant.</strong></span> 
     </span>
    </p>

    <p class='ocr_par' dir='ltr' id='par_1_3' title="bbox 189 1085 1325 1296">
     <span class='ocr_line' id='line_1_8' title="bbox 242 1085 1325 1180; baseline 0.002 -24"><span class='ocrx_word' id='word_1_50' title='bbox 242 1086 422 1158; x_wconf 88' lang='lat' dir='ltr'><strong>Romanus</strong></span> <span class='ocrx_word' id='word_1_51' title='bbox 439 1085 606 1158; x_wconf 83' lang='lat' dir='ltr'><strong>Pontifex</strong></span> <span class='ocrx_word' id='word_1_52' title='bbox 627 1087 762 1159; x_wconf 79' lang='lat' dir='ltr'><strong>nnllam</strong></span> <span class='ocrx_word' id='word_1_53' title='bbox 778 1089 887 1159; x_wconf 88' lang='lat' dir='ltr'><strong>habet</strong></span> <span class='ocrx_word' id='word_1_54' title='bbox 905 1087 1187 1180; x_wconf 84' lang='lat' dir='ltr'><strong>jurisdictionem</strong></span> <span class='ocrx_word' id='word_1_55' title='bbox 1205 1088 1242 1157; x_wconf 94' lang='lat' dir='ltr'><strong>in</strong></span> <span class='ocrx_word' id='word_1_56' title='bbox 1257 1087 1325 1158; x_wconf 89' lang='lat' dir='ltr'><strong>hoc</strong></span> 
     </span>
     <span class='ocr_line' id='line_1_9' title="bbox 189 1201 467 1296; baseline 0 -24"><span class='ocrx_word' id='word_1_57' title='bbox 189 1223 300 1296; x_wconf 88' lang='lat' dir='ltr'><strong>regno</strong></span> <span class='ocrx_word' id='word_1_58' title='bbox 317 1201 467 1296; x_wconf 84' lang='lat' dir='ltr'><strong>Angliae.</strong></span> 
     </span>
    </p>

    <p class='ocr_par' dir='ltr' id='par_1_4' title="bbox 188 1319 1368 1531">
     <span class='ocr_line' id='line_1_10' title="bbox 242 1319 1326 1413; baseline 0 -23"><span class='ocrx_word' id='word_1_59' title='bbox 242 1319 357 1413; x_wconf 80' lang='lat' dir='ltr'><strong>Leges</strong></span> <span class='ocrx_word' id='word_1_60' title='bbox 379 1319 509 1392; x_wconf 78' lang='lat' dir='ltr'><strong>civiles</strong></span> <span class='ocrx_word' id='word_1_61' title='bbox 531 1328 677 1413; x_wconf 91' lang='lat' dir='ltr'><strong>possunt</strong></span> <span class='ocrx_word' id='word_1_62' title='bbox 699 1319 916 1392; x_wconf 83' lang='lat' dir='ltr'><strong>Christianos</strong></span> <span class='ocrx_word' id='word_1_63' title='bbox 938 1327 1082 1412; x_wconf 89' lang='lat' dir='ltr'><strong>propter</strong></span> <span class='ocrx_word' id='word_1_64' title='bbox 1098 1319 1270 1413; x_wconf 88' lang='lat' dir='ltr'><strong>capitalia,</strong></span> <span class='ocrx_word' id='word_1_65' title='bbox 1287 1329 1326 1390; x_wconf 93' lang='lat' dir='ltr'><strong>et</strong></span> 
     </span>
     <span class='ocr_line' id='line_1_11' title="bbox 188 1437 1368 1531; baseline 0.002 -26"><span class='ocrx_word' id='word_1_66' title='bbox 188 1437 311 1530; x_wconf 84' lang='lat' dir='ltr'><strong>gravia</strong></span> <span class='ocrx_word' id='word_1_67' title='bbox 326 1437 481 1520; x_wconf 84' lang='lat' dir='ltr'><strong>erimine,</strong></span> <span class='ocrx_word' id='word_1_68' title='bbox 498 1447 612 1506; x_wconf 86' lang='lat' dir='ltr'><strong>morte</strong></span> <span class='ocrx_word' id='word_1_69' title='bbox 629 1437 763 1531; x_wconf 89' lang='lat' dir='ltr'><strong>punire.</strong></span> <span class='ocrx_word' id='word_1_70' title='bbox 1335 1455 1368 1494; x_wconf 89' lang='lat'><strong>10</strong></span> 
     </span>
    </p>

    <p class='ocr_par' dir='ltr' id='par_1_5' title="bbox 188 1549 1324 1761">
     <span class='ocr_line' id='line_1_12' title="bbox 241 1549 1324 1646; baseline 0 -24"><span class='ocrx_word' id='word_1_71' title='bbox 241 1549 446 1622; x_wconf 82' lang='lat' dir='ltr'><strong>Christianis</strong></span> <span class='ocrx_word' id='word_1_72' title='bbox 458 1550 553 1633; x_wconf 87' lang='lat' dir='ltr'><strong>licet,</strong></span> <span class='ocrx_word' id='word_1_73' title='bbox 566 1575 612 1622; x_wconf 86' lang='lat' dir='ltr'><strong>ex</strong></span> <span class='ocrx_word' id='word_1_74' title='bbox 628 1553 794 1624; x_wconf 89' lang='lat' dir='ltr'><strong>mandato</strong></span> <span class='ocrx_word' id='word_1_75' title='bbox 809 1550 1050 1646; x_wconf 80' lang='lat' dir='ltr'><strong>Magistratus,</strong></span> <span class='ocrx_word' id='word_1_76' title='bbox 1063 1575 1161 1622; x_wconf 88' lang='lat' dir='ltr'><strong>arma</strong></span> <span class='ocrx_word' id='word_1_77' title='bbox 1175 1558 1324 1645; x_wconf 88' lang='lat' dir='ltr'><strong>portare,</strong></span> 
     </span>
     <span class='ocr_line' id='line_1_13' title="bbox 188 1668 716 1761; baseline 0 -23"><span class='ocrx_word' id='word_1_78' title='bbox 188 1676 228 1738; x_wconf 90' lang='lat' dir='ltr'><strong>et</strong></span> <span class='ocrx_word' id='word_1_79' title='bbox 238 1669 338 1761; x_wconf 84' lang='lat' dir='ltr'><strong>justa</strong></span> <span class='ocrx_word' id='word_1_80' title='bbox 354 1668 448 1740; x_wconf 87' lang='lat' dir='ltr'><strong>belle</strong></span> <span class='ocrx_word' id='word_1_81' title='bbox 462 1668 716 1740; x_wconf 83' lang='lat' dir='ltr'><strong>administrare.</strong></span> 
     </span>
    </p>
   </div>
   <div class='ocr_carea' id='block_1_3' title="bbox 365 1862 1145 1940">
    <p class='ocr_par' dir='ltr' id='par_1_6' title="bbox 365 1862 1145 1940">
     <span class='ocr_line' id='line_1_14' title="bbox 365 1862 1145 1940; baseline -0.003 -2"><span class='ocrx_word' id='word_1_82' title='bbox 365 1862 644 1940; x_wconf 74' lang='lat' dir='ltr'><strong>Christianorum</strong></span> <span class='ocrx_word' id='word_1_83' title='bbox 659 1865 747 1939; x_wconf 80' lang='lat' dir='ltr'><strong>dona</strong></span> <span class='ocrx_word' id='word_1_84' title='bbox 763 1890 831 1938; x_wconf 83' lang='lat' dir='ltr'><strong>ooo</strong></span> <span class='ocrx_word' id='word_1_85' title='bbox 848 1876 928 1938; x_wconf 80' lang='lat' dir='ltr'><strong>suot</strong></span> <span class='ocrx_word' id='word_1_86' title='bbox 944 1866 1145 1938; x_wconf 79' lang='lat' dir='ltr'><strong>communic.</strong></span> 
     </span>
    </p>
   </div>
   <div class='ocr_carea' id='block_1_4' title="bbox 185 2015 1367 2460">
    <p class='ocr_par' dir='ltr' id='par_1_7' title="bbox 185 2015 1367 2460">
     <span class='ocr_line' id='line_1_15' title="bbox 240 2015 1325 2087; baseline 0.001 -1"><span class='ocrx_word' id='word_1_87' title='bbox 240 2015 442 2086; x_wconf 76' lang='lat' dir='ltr'><strong>Facultates</strong></span> <span class='ocrx_word' id='word_1_88' title='bbox 459 2024 496 2086; x_wconf 94' lang='lat' dir='ltr'><strong>et</strong></span> <span class='ocrx_word' id='word_1_89' title='bbox 519 2016 611 2086; x_wconf 88' lang='lat' dir='ltr'><strong>bona</strong></span> <span class='ocrx_word' id='word_1_90' title='bbox 633 2015 911 2086; x_wconf 86' lang='lat' dir='ltr'><strong>Christianorum</strong></span> <span class='ocrx_word' id='word_1_91' title='bbox 931 2038 1003 2086; x_wconf 93' lang='lat' dir='ltr'><strong>non</strong></span> <span class='ocrx_word' id='word_1_92' title='bbox 1020 2024 1102 2086; x_wconf 88' lang='lat' dir='ltr'><strong>sunt</strong></span> <span class='ocrx_word' id='word_1_93' title='bbox 1125 2016 1325 2087; x_wconf 85' lang='lat' dir='ltr'><strong>communia</strong></span> 
     </span>
     <span class='ocr_line' id='line_1_16' title="bbox 185 2130 1367 2226; baseline -0.003 -23"><span class='ocrx_word' id='word_1_94' title='bbox 185 2133 305 2226; x_wconf 87' lang='lat' dir='ltr'><strong>quoad</strong></span> <span class='ocrx_word' id='word_1_95' title='bbox 324 2133 443 2226; x_wconf 86' lang='lat' dir='ltr'><strong>juset</strong></span> <span class='ocrx_word' id='word_1_96' title='bbox 465 2134 727 2224; x_wconf 86' lang='lat' dir='ltr'><strong>possessionem,</strong></span> <span class='ocrx_word' id='word_1_97' title='bbox 753 2141 795 2203; x_wconf 92' lang='lat' dir='ltr'><strong>ut</strong></span> <span class='ocrx_word' id='word_1_98' title='bbox 819 2132 961 2224; x_wconf 86' lang='lat' dir='ltr'><strong>quidam</strong></span> <span class='ocrx_word' id='word_1_99' title='bbox 987 2130 1231 2224; x_wconf 80' lang='lat' dir='ltr'><strong>Anabeptistae</strong></span> <span class='ocrx_word' id='word_1_100' title='bbox 1249 2133 1324 2223; x_wconf 87' lang='lat' dir='ltr'><strong>jac-</strong></span> <span class='ocrx_word' id='word_1_101' title='bbox 1335 2158 1367 2217; x_wconf 89' lang='lat'><strong>15</strong></span> 
     </span>
     <span class='ocr_line' id='line_1_17' title="bbox 186 2247 1323 2341; baseline 0 -24"><span class='ocrx_word' id='word_1_102' title='bbox 186 2255 289 2330; x_wconf 82' lang='lat' dir='ltr'><strong>tant3</strong></span> <span class='ocrx_word' id='word_1_103' title='bbox 331 2248 438 2319; x_wconf 89' lang='lat' dir='ltr'><strong>debet</strong></span> <span class='ocrx_word' id='word_1_104' title='bbox 472 2257 591 2318; x_wconf 88' lang='lat' dir='ltr'><strong>tamen</strong></span> <span class='ocrx_word' id='word_1_105' title='bbox 620 2249 766 2341; x_wconf 89' lang='lat' dir='ltr'><strong>quisque</strong></span> <span class='ocrx_word' id='word_1_106' title='bbox 796 2249 841 2318; x_wconf 89' lang='lat' dir='ltr'><strong>de</strong></span> <span class='ocrx_word' id='word_1_107' title='bbox 870 2247 924 2319; x_wconf 91' lang='lat' dir='ltr'><strong>his</strong></span> <span class='ocrx_word' id='word_1_108' title='bbox 953 2271 1031 2340; x_wconf 84' lang='lat' dir='ltr'><strong>quae</strong></span> <span class='ocrx_word' id='word_1_109' title='bbox 1058 2247 1225 2341; x_wconf 86' lang='lat' dir='ltr'><strong>possidet,</strong></span> <span class='ocrx_word' id='word_1_110' title='bbox 1260 2271 1323 2340; x_wconf 93' lang='lat' dir='ltr'><strong>pro</strong></span> 
     </span>
     <span class='ocr_line' id='line_1_18' title="bbox 186 2362 1323 2460; baseline 0.002 -27"><span class='ocrx_word' id='word_1_111' title='bbox 186 2362 399 2434; x_wconf 81' lang='lat' dir='ltr'><strong>facultatum</strong></span> <span class='ocrx_word' id='word_1_112' title='bbox 421 2364 567 2448; x_wconf 86' lang='lat' dir='ltr'><strong>ratione,</strong></span> <span class='ocrx_word' id='word_1_113' title='bbox 582 2364 795 2457; x_wconf 86' lang='lat' dir='ltr'><strong>pauperibus</strong></span> <span class='ocrx_word' id='word_1_114' title='bbox 817 2364 1055 2460; x_wconf 86' lang='lat' dir='ltr'><strong>eleemosynas</strong></span> <span class='ocrx_word' id='word_1_115' title='bbox 1076 2362 1229 2459; x_wconf 85' lang='lat' dir='ltr'><strong>benigne</strong></span> <span class='ocrx_word' id='word_1_116' title='bbox 1254 2364 1323 2435; x_wconf 89' lang='lat' dir='ltr'><strong>dis-</strong></span> 
     </span>
    </p>
   </div>
   <div class='ocr_carea' id='block_1_5' title="bbox 186 2479 353 2550">
    <p class='ocr_par' dir='ltr' id='par_1_8' title="bbox 186 2479 353 2550">
     <span class='ocr_line' id='line_1_19' title="bbox 186 2479 353 2550; baseline 0 0"><span class='ocrx_word' id='word_1_117' title='bbox 186 2479 353 2550; x_wconf 88' lang='lat' dir='ltr'><strong>tribuere.</strong></span> 
     </span>
    </p>
   </div>
   <div class='ocr_carea' id='block_1_6' title="bbox 518 2677 985 2774">
    <p class='ocr_par' dir='ltr' id='par_1_9' title="bbox 518 2677 985 2774">
     <span class='ocr_line' id='line_1_20' title="bbox 518 2677 985 2774; baseline 0 -24"><span class='ocrx_word' id='word_1_118' title='bbox 518 2678 615 2752; x_wconf 81' lang='lat' dir='ltr'><strong>Licet</strong></span> <span class='ocrx_word' id='word_1_119' title='bbox 633 2677 844 2755; x_wconf 77' lang='lat' dir='ltr'><strong>Christianis</strong></span> <span class='ocrx_word' id='word_1_120' title='bbox 850 2679 985 2774; x_wconf 79' lang='lat' dir='ltr'><strong>jurare.</strong></span> 
     </span>
    </p>
   </div>
   <div class='ocr_carea' id='block_1_7' title="bbox 178 2827 1366 3618">
    <p class='ocr_par' dir='ltr' id='par_1_10' title="bbox 178 2827 1366 3618">
     <span class='ocr_line' id='line_1_21' title="bbox 238 2827 1366 2921; baseline 0.008 -24"><span class='ocrx_word' id='word_1_121' title='bbox 238 2827 545 2912; x_wconf 86' lang='lat' dir='ltr'><strong>Quemadmodum</strong></span> <span class='ocrx_word' id='word_1_122' title='bbox 565 2828 807 2921; x_wconf 86' lang='lat' dir='ltr'><strong>juramentum</strong></span> <span class='ocrx_word' id='word_1_123' title='bbox 832 2851 962 2900; x_wconf 77' lang='lat' dir='ltr'><strong>vanum</strong></span> <span class='ocrx_word' id='word_1_124' title='bbox 986 2836 1024 2899; x_wconf 91' lang='lat' dir='ltr'><strong>et</strong></span> <span class='ocrx_word' id='word_1_125' title='bbox 1050 2828 1276 2900; x_wconf 87' lang='lat' dir='ltr'><strong>temerarium</strong></span> <span class='ocrx_word' id='word_1_126' title='bbox 1300 2852 1366 2906; x_wconf 83' lang='lat' dir='ltr'><strong>a20</strong></span> 
     </span>
     <span class='ocr_line' id='line_1_22' title="bbox 186 2943 1321 3039; baseline 0.001 -24"><span class='ocrx_word' id='word_1_127' title='bbox 186 2943 343 3016; x_wconf 92' lang='lat' dir='ltr'><strong>Domino</strong></span> <span class='ocrx_word' id='word_1_128' title='bbox 368 2953 487 3018; x_wconf 90' lang='lat' dir='ltr'><strong>nostro</strong></span> <span class='ocrx_word' id='word_1_129' title='bbox 516 2944 603 3017; x_wconf 87' lang='lat' dir='ltr'><strong>Jesu</strong></span> <span class='ocrx_word' id='word_1_130' title='bbox 630 2944 779 3029; x_wconf 83' lang='lat' dir='ltr'><strong>Christo,</strong></span> <span class='ocrx_word' id='word_1_131' title='bbox 805 2955 843 3016; x_wconf 93' lang='lat' dir='ltr'><strong>et</strong></span> <span class='ocrx_word' id='word_1_132' title='bbox 867 2944 1042 3039; x_wconf 82' lang='lat' dir='ltr'><strong>Apostolo</strong></span> <span class='ocrx_word' id='word_1_133' title='bbox 1072 2945 1147 3038; x_wconf 85' lang='lat' dir='ltr'><strong>ejus</strong></span> <span class='ocrx_word' id='word_1_134' title='bbox 1176 2943 1321 3030; x_wconf 84' lang='lat' dir='ltr'><strong>Jacobo,</strong></span> 
     </span>
     <span class='ocr_line' id='line_1_23' title="bbox 186 3061 1322 3134; baseline 0.001 -1"><span class='ocrx_word' id='word_1_135' title='bbox 186 3061 395 3133; x_wconf 88' lang='lat' dir='ltr'><strong>Christianis</strong></span> <span class='ocrx_word' id='word_1_136' title='bbox 410 3061 610 3134; x_wconf 84' lang='lat' dir='ltr'><strong>hominibus</strong></span> <span class='ocrx_word' id='word_1_137' title='bbox 623 3063 850 3134; x_wconf 89' lang='lat' dir='ltr'><strong>interdictum</strong></span> <span class='ocrx_word' id='word_1_138' title='bbox 863 3085 939 3134; x_wconf 88' lang='lat' dir='ltr'><strong>esse</strong></span> <span class='ocrx_word' id='word_1_139' title='bbox 952 3063 1122 3134; x_wconf 88' lang='lat' dir='ltr'><strong>fatemur:</strong></span> <span class='ocrx_word' id='word_1_140' title='bbox 1140 3063 1192 3132; x_wconf 86' lang='lat' dir='ltr'><strong>ita</strong></span> <span class='ocrx_word' id='word_1_141' title='bbox 1205 3062 1322 3134; x_wconf 81' lang='lat' dir='ltr'><strong>Chris-</strong></span> 
     </span>
     <span class='ocr_line' id='line_1_24' title="bbox 185 3177 1321 3272; baseline 0.001 -24"><span class='ocrx_word' id='word_1_142' title='bbox 185 3178 321 3248; x_wconf 84' lang='lat' dir='ltr'><strong>tianam</strong></span> <span class='ocrx_word' id='word_1_143' title='bbox 354 3177 576 3271; x_wconf 84' lang='lat' dir='ltr'><strong>Religionem</strong></span> <span class='ocrx_word' id='word_1_144' title='bbox 609 3179 754 3249; x_wconf 90' lang='lat' dir='ltr'><strong>minime</strong></span> <span class='ocrx_word' id='word_1_145' title='bbox 791 3178 975 3272; x_wconf 88' lang='lat' dir='ltr'><strong>prohibere</strong></span> <span class='ocrx_word' id='word_1_146' title='bbox 1008 3199 1200 3260; x_wconf 83' lang='lat' dir='ltr'><strong>censemus,</strong></span> <span class='ocrx_word' id='word_1_147' title='bbox 1234 3179 1321 3270; x_wconf 93' lang='lat' dir='ltr'><strong>quin</strong></span> 
     </span>
     <span class='ocr_line' id='line_1_25' title="bbox 178 3293 1321 3388; baseline 0.002 -24"><span class='ocrx_word' id='word_1_148' title='bbox 178 3295 332 3387; x_wconf 88' lang='lat' dir='ltr'><strong>jubente</strong></span> <span class='ocrx_word' id='word_1_149' title='bbox 367 3293 582 3388; x_wconf 87' lang='lat' dir='ltr'><strong>Magistratn</strong></span> <span class='ocrx_word' id='word_1_150' title='bbox 614 3297 651 3365; x_wconf 93' lang='lat' dir='ltr'><strong>in</strong></span> <span class='ocrx_word' id='word_1_151' title='bbox 685 3318 789 3366; x_wconf 86' lang='lat' dir='ltr'><strong>causa</strong></span> <span class='ocrx_word' id='word_1_152' title='bbox 816 3296 899 3366; x_wconf 86' lang='lat' dir='ltr'><strong>fidei</strong></span> <span class='ocrx_word' id='word_1_153' title='bbox 928 3303 966 3365; x_wconf 93' lang='lat' dir='ltr'><strong>et</strong></span> <span class='ocrx_word' id='word_1_154' title='bbox 994 3293 1173 3365; x_wconf 84' lang='lat' dir='ltr'><strong>charitatis</strong></span> <span class='ocrx_word' id='word_1_155' title='bbox 1201 3295 1321 3387; x_wconf 81' lang='lat' dir='ltr'><strong>jurare</strong></span> 
     </span>
     <span class='ocr_line' id='line_1_26' title="bbox 185 3409 1363 3506; baseline 0.004 -26"><span class='ocrx_word' id='word_1_156' title='bbox 185 3409 304 3492; x_wconf 83' lang='lat' dir='ltr'><strong>liceat,</strong></span> <span class='ocrx_word' id='word_1_157' title='bbox 320 3413 426 3482; x_wconf 92' lang='lat' dir='ltr'><strong>modo</strong></span> <span class='ocrx_word' id='word_1_158' title='bbox 442 3411 479 3481; x_wconf 93' lang='lat' dir='ltr'><strong>id</strong></span> <span class='ocrx_word' id='word_1_159' title='bbox 495 3411 557 3482; x_wconf 82' lang='lat' dir='ltr'><strong>fiat</strong></span> <span class='ocrx_word' id='word_1_160' title='bbox 568 3412 676 3504; x_wconf 86' lang='lat' dir='ltr'><strong>juxta</strong></span> <span class='ocrx_word' id='word_1_161' title='bbox 692 3410 878 3506; x_wconf 83' lang='lat' dir='ltr'><strong>Prophetae</strong></span> <span class='ocrx_word' id='word_1_162' title='bbox 895 3411 1100 3494; x_wconf 85' lang='lat' dir='ltr'><strong>doctrinam,</strong></span> <span class='ocrx_word' id='word_1_163' title='bbox 1117 3412 1155 3481; x_wconf 94' lang='lat' dir='ltr'><strong>in</strong></span> <span class='ocrx_word' id='word_1_164' title='bbox 1167 3412 1319 3505; x_wconf 85' lang='lat' dir='ltr'><strong>justitia,</strong></span> <span class='ocrx_word' id='word_1_165' title='bbox 1330 3429 1363 3489; x_wconf 81' lang='lat'><strong>²5</strong></span> 
     </span>
     <span class='ocr_line' id='line_1_27' title="bbox 184 3527 612 3618; baseline 0 -22"><span class='ocrx_word' id='word_1_166' title='bbox 184 3528 223 3596; x_wconf 92' lang='lat' dir='ltr'><strong>in</strong></span> <span class='ocrx_word' id='word_1_167' title='bbox 233 3527 380 3618; x_wconf 86' lang='lat' dir='ltr'><strong>judicio,</strong></span> <span class='ocrx_word' id='word_1_168' title='bbox 397 3537 435 3598; x_wconf 93' lang='lat' dir='ltr'><strong>et</strong></span> <span class='ocrx_word' id='word_1_169' title='bbox 453 3529 612 3599; x_wconf 80' lang='lat' dir='ltr'><strong>veritate.</strong></span> 
     </span>
    </p>
   </div>
   <div class='ocr_carea' id='block_1_8' title="bbox 181 3753 1363 4632">
    <p class='ocr_par' dir='ltr' id='par_1_11' title="bbox 181 3753 1363 4549">
     <span class='ocr_line' id='line_1_28' title="bbox 236 3753 1318 3840; baseline 0.003 -16"><span class='ocrx_word' id='word_1_170' title='bbox 236 3753 315 3826; x_wconf 93' lang='lat' dir='ltr'><strong>Hos</strong></span> <span class='ocrx_word' id='word_1_171' title='bbox 328 3754 509 3828; x_wconf 83' lang='lat' dir='ltr'><strong>Articulos</strong></span> <span class='ocrx_word' id='word_1_172' title='bbox 521 3757 603 3828; x_wconf 88' lang='lat' dir='ltr'><strong>fidei</strong></span> <span class='ocrx_word' id='word_1_173' title='bbox 616 3755 822 3840; x_wconf 81' lang='lat' dir='ltr'><strong>Christianae</strong></span> <span class='ocrx_word' id='word_1_174' title='bbox 834 3759 1055 3829; x_wconf 83' lang='lat' dir='ltr'><strong>continentes</strong></span> <span class='ocrx_word' id='word_1_175' title='bbox 1067 3759 1104 3828; x_wconf 92' lang='lat' dir='ltr'><strong>in</strong></span> <span class='ocrx_word' id='word_1_176' title='bbox 1116 3757 1318 3827; x_wconf 82' lang='lat' dir='ltr'><strong>universum</strong></span> 
     </span>
     <span class='ocr_line' id='line_1_29' title="bbox 183 3871 1320 3968; baseline 0.003 -27"><span class='ocrx_word' id='word_1_177' title='bbox 183 3871 416 3942; x_wconf 87' lang='lat' dir='ltr'><strong>novendecim</strong></span> <span class='ocrx_word' id='word_1_178' title='bbox 439 3873 582 3966; x_wconf 87' lang='lat' dir='ltr'><strong>paginas</strong></span> <span class='ocrx_word' id='word_1_179' title='bbox 602 3873 640 3943; x_wconf 92' lang='lat' dir='ltr'><strong>in</strong></span> <span class='ocrx_word' id='word_1_180' title='bbox 660 3873 876 3968; x_wconf 88' lang='lat' dir='ltr'><strong>autographo</strong></span> <span class='ocrx_word' id='word_1_181' title='bbox 894 3876 988 3967; x_wconf 92' lang='lat' dir='ltr'><strong>quod</strong></span> <span class='ocrx_word' id='word_1_182' title='bbox 1009 3882 1206 3946; x_wconf 87' lang='lat' dir='ltr'><strong>asservatur</strong></span> <span class='ocrx_word' id='word_1_183' title='bbox 1225 3875 1320 3966; x_wconf 89' lang='lat' dir='ltr'><strong>apud</strong></span> 
     </span>
     <span class='ocr_line' id='line_1_30' title="bbox 183 3987 1319 4082; baseline 0.003 -25"><span class='ocrx_word' id='word_1_184' title='bbox 183 3987 530 4059; x_wconf 88' lang='lat' dir='ltr'><strong>Reverendissimum</strong></span> <span class='ocrx_word' id='word_1_185' title='bbox 542 3989 580 4059; x_wconf 93' lang='lat' dir='ltr'><strong>in</strong></span> <span class='ocrx_word' id='word_1_186' title='bbox 594 3989 734 4059; x_wconf 82' lang='lat' dir='ltr'><strong>Christo</strong></span> <span class='ocrx_word' id='word_1_187' title='bbox 745 3999 881 4082; x_wconf 90' lang='lat' dir='ltr'><strong>patrem</strong></span> <span class='ocrx_word' id='word_1_188' title='bbox 895 3989 1089 4061; x_wconf 91' lang='lat' dir='ltr'><strong>Dominum</strong></span> <span class='ocrx_word' id='word_1_189' title='bbox 1103 3988 1319 4061; x_wconf 79' lang='lat' dir='ltr'><strong>Matthaeum</strong></span> 
     </span>
     <span class='ocr_line' id='line_1_31' title="bbox 182 4093 1363 4200; baseline -0.004 -25"><span class='ocrx_word' id='word_1_190' title='bbox 182 4103 473 4175; x_wconf 86' lang='lat' dir='ltr'><strong>Cantuariensem</strong></span> <span class='ocrx_word' id='word_1_191' title='bbox 490 4103 817 4197; x_wconf 85' lang='lat' dir='ltr'><strong>Archiepiscopum,</strong></span> <span class='ocrx_word' id='word_1_192' title='bbox 834 4107 944 4178; x_wconf 84' lang='lat' dir='ltr'><strong>totius</strong></span> <span class='ocrx_word' id='word_1_193' title='bbox 966 4093 1107 4200; x_wconf 77' lang='lat' dir='ltr'><strong>Angliae</strong></span> <span class='ocrx_word' id='word_1_194' title='bbox 1124 4104 1363 4187; x_wconf 72' lang='lat' dir='ltr'><strong>anatem30</strong></span> 
     </span>
     <span class='ocr_line' id='line_1_32' title="bbox 182 4217 1320 4317; baseline 0.003 -27"><span class='ocrx_word' id='word_1_195' title='bbox 182 4229 222 4290; x_wconf 89' lang='lat' dir='ltr'><strong>et</strong></span> <span class='ocrx_word' id='word_1_196' title='bbox 247 4217 575 4314; x_wconf 86' lang='lat' dir='ltr'><strong>Metropolitanum,</strong></span> <span class='ocrx_word' id='word_1_197' title='bbox 593 4219 859 4317; x_wconf 84' lang='lat' dir='ltr'><strong>Archiepisoopi</strong></span> <span class='ocrx_word' id='word_1_198' title='bbox 884 4231 922 4294; x_wconf 87' lang='lat' dir='ltr'><strong>et</strong></span> <span class='ocrx_word' id='word_1_199' title='bbox 947 4223 1111 4315; x_wconf 83' lang='lat' dir='ltr'><strong>Episcopi</strong></span> <span class='ocrx_word' id='word_1_200' title='bbox 1137 4221 1320 4315; x_wconf 86' lang='lat' dir='ltr'><strong>utriusque</strong></span> 
     </span>
     <span class='ocr_line' id='line_1_33' title="bbox 182 4333 1320 4433; baseline 0.002 -27"><span class='ocrx_word' id='word_1_201' title='bbox 182 4333 378 4407; x_wconf 83' lang='lat' dir='ltr'><strong>Provinciae</strong></span> <span class='ocrx_word' id='word_1_202' title='bbox 394 4338 493 4432; x_wconf 89' lang='lat' dir='ltr'><strong>regni</strong></span> <span class='ocrx_word' id='word_1_203' title='bbox 510 4335 650 4430; x_wconf 84' lang='lat' dir='ltr'><strong>Angliae</strong></span> <span class='ocrx_word' id='word_1_204' title='bbox 666 4338 704 4407; x_wconf 95' lang='lat' dir='ltr'><strong>in</strong></span> <span class='ocrx_word' id='word_1_205' title='bbox 722 4337 828 4408; x_wconf 84' lang='lat' dir='ltr'><strong>Sacra</strong></span> <span class='ocrx_word' id='word_1_206' title='bbox 845 4337 1053 4410; x_wconf 87' lang='lat' dir='ltr'><strong>Provinciali</strong></span> <span class='ocrx_word' id='word_1_207' title='bbox 1072 4337 1213 4431; x_wconf 88' lang='lat' dir='ltr'><strong>Synodo</strong></span> <span class='ocrx_word' id='word_1_208' title='bbox 1234 4337 1320 4433; x_wconf 92' lang='lat' dir='ltr'><strong>legi-</strong></span> 
     </span>
     <span class='ocr_line' id='line_1_34' title="bbox 181 4451 1317 4549; baseline 0.002 -27"><span class='ocrx_word' id='word_1_209' title='bbox 181 4451 271 4524; x_wconf 91' lang='lat' dir='ltr'><strong>time</strong></span> <span class='ocrx_word' id='word_1_210' title='bbox 289 4453 491 4547; x_wconf 85' lang='lat' dir='ltr'><strong>congregati</strong></span> <span class='ocrx_word' id='word_1_211' title='bbox 508 4453 665 4523; x_wconf 87' lang='lat' dir='ltr'><strong>unanimi</strong></span> <span class='ocrx_word' id='word_1_212' title='bbox 685 4475 826 4525; x_wconf 85' lang='lat' dir='ltr'><strong>assensu</strong></span> <span class='ocrx_word' id='word_1_213' title='bbox 849 4455 1022 4549; x_wconf 87' lang='lat' dir='ltr'><strong>recipiunt</strong></span> <span class='ocrx_word' id='word_1_214' title='bbox 1039 4464 1076 4524; x_wconf 92' lang='lat' dir='ltr'><strong>et</strong></span> <span class='ocrx_word' id='word_1_215' title='bbox 1098 4453 1317 4547; x_wconf 87' lang='lat' dir='ltr'><strong>profitentur,</strong></span> 
     </span>
    </p>

    <p class='ocr_par' dir='ltr' id='par_1_12' title="bbox 723 4585 780 4632">
     <span class='ocr_line' id='line_1_35' title="bbox 723 4585 780 4632; baseline 0.035 -2"><span class='ocrx_word' id='word_1_216' title='bbox 723 4587 745 4630; x_wconf 81' lang='lat' dir='ltr'><strong>r.</strong></span> <span class='ocrx_word' id='word_1_217' title='bbox 763 4585 780 4632; x_wconf 73' lang='grc' dir='ltr'>ι</span> 
     </span>
    </p>
   </div>
   <div class='ocr_carea' id='block_1_9' title="bbox 0 0 1564 4968">
    <p class='ocr_par' dir='ltr' id='par_1_13' title="bbox 0 0 1564 4968">
     <span class='ocr_line' id='line_1_36' title="bbox 0 0 1564 4968; baseline 0 1"><span class='ocrx_word' id='word_1_218' title='bbox 0 0 1564 4968; x_wconf 95' lang='lat' dir='ltr'><strong> </strong></span> 
     </span>
    </p>
   </div>
  </div>
 </body>
</html>
