3156 4968
256 207 322 270 are
486 205 1179 274 mammaeam.
1340 201 1398 288 [v.

259 380 444 454 clesiaetici
466 385 684 479 registrarins
704 383 842 456 tabulas
863 383 975 468 binas,
992 384 1030 456 in
1052 383 1179 476 quibus
1201 387 1307 454 certae
1329 378 1400 450 sin-

257 498 421 593 gulorum
438 499 620 570 feodonrm
633 522 778 571 summa
791 501 979 593 separatim
991 501 1243 594 exprimentur,
1256 495 1400 590 publice

257 615 318 708 ligi
335 623 436 686 curet
457 624 495 687 et
517 616 685 710 proponi;
710 639 818 687 unam
840 617 878 687 in
900 618 1115 698 consistorio,
1133 615 1190 687 vel
1213 615 1292 686 loco
1313 635 1399 684 con-

261 739 372 813 sueto,
390 731 451 802 ubi
468 733 565 804 dicta
581 733 676 803 curia
692 732 806 803 teneri
823 732 934 817 solet;
954 732 1102 806 alteram
1113 732 1151 802 in
1164 753 1227 803 suo
1240 729 1400 812 archivo;

258 855 447 942 utramque
464 848 501 919 in
520 847 599 920 loco
622 848 673 920 ita
689 871 853 942 congruo,
870 858 913 920 ut
930 850 1089 942 quilibet,
1106 850 1206 944 cujus
1227 847 1424 930 intererits

259 965 416 1057 ejusdem
433 965 666 1058 inspicienda,
683 974 721 1036 et
743 965 911 1060 legendae,
929 966 986 1037 vel
1003 967 1111 1038 etiam
1128 964 1399 1038 transcribendae

259 1081 405 1151 liberam
422 1081 552 1152 habeat
568 1081 795 1153 facultatem:
820 1084 914 1174 quod
938 1092 1021 1155 ante
1038 1085 1169 1154 festum
1189 1081 1399 1153 Nativitatis

257 1199 418 1291 proxime
452 1198 612 1269 futurum
640 1198 761 1292 perlici
792 1199 965 1272 volumus.
1016 1200 1152 1284 Quodsi
1182 1200 1259 1292 quis
1291 1197 1399 1292 regis-

258 1315 385 1386 trarius
402 1315 514 1388 dictas
531 1314 670 1387 tabulas
679 1317 787 1410 juxta
803 1325 963 1388 tenorem
983 1317 1239 1410 premissorum
1256 1314 1398 1408 publice

257 1431 413 1526 figendas
435 1454 506 1502 non
529 1433 715 1515 curaverit,
738 1432 784 1503 ab
805 1433 1015 1504 executione
1038 1431 1142 1504 officii
1165 1433 1219 1502 sni
1243 1453 1398 1523 eousque
1409 1461 1442 1500 10

258 1547 500 1640 suspendetur,
517 1548 633 1640 quoad
655 1548 841 1641 praemiesa,
858 1550 965 1621 modo
988 1559 1026 1620 et
1044 1550 1157 1620 forma
1179 1547 1396 1641 specificatio,

257 1665 466 1757 perfecerit3
508 1686 637 1756 easque
670 1664 808 1736 tabulas
842 1665 950 1736 semel
983 1665 1071 1736 fixas
1108 1666 1137 1736 ei
1169 1664 1310 1757 quando
1341 1662 1397 1734 vel

257 1780 403 1863 auferet,
427 1779 484 1851 vel
508 1779 546 1850 in
570 1779 730 1851 fraudem
754 1781 860 1874 hujus
884 1780 1146 1852 constitutionis
1171 1802 1217 1852 ex
1241 1778 1332 1862 loco,
1358 1779 1396 1848 in

257 1919 327 1988 quo
344 1897 499 1989 primum
520 1897 643 1989 posita
665 1905 776 1981 crant,
792 1897 974 1980 removeri,
993 1897 1049 1968 vel
1071 1897 1194 1990 quovis
1212 1906 1319 1989 pacto
1339 1919 1397 1966 oc·

257 2011 383 2082 cultori
409 2013 573 2105 patietur,
603 2021 690 2084 tunc
717 2036 781 2106 pro
812 2013 957 2109 singulis
986 2013 1159 2107 ejusmodi
1184 2011 1322 2084 delictis
1351 2011 1440 2101 ab15

257 2129 427 2200 exercitio
443 2131 599 2202 muneris
615 2129 669 2201 sui
685 2153 750 2224 per
764 2139 934 2202 semestre
950 2131 1102 2224 spatium
1119 2130 1362 2222 suspendetur.

258 2427 499 2505 CXXXVII.
537 2430 656 2505 Feodo
674 2457 744 2529 pro
760 2432 922 2506 ordinum
938 2431 1059 2518 literis,
1077 2429 1222 2526 aliisque
1244 2427 1393 2501 licentiis

308 2547 464 2644 episcopo
498 2547 705 2635 cohibendis,
740 2559 870 2622 matum
904 2548 1063 2633 dimidie,
1091 2555 1323 2644 preterquam
1357 2545 1396 2616 in

304 2663 426 2758 prim
441 2665 592 2761 episcopi
607 2666 811 2752 visitatione,
823 2663 1057 2762 persolvenda.

307 2819 399 2893 Cum
421 2845 493 2894 non
518 2825 664 2896 minima
687 2825 733 2897 eit
757 2826 965 2898 visitationis
988 2848 1094 2897 cansa
1117 2833 1156 2896 et
1179 2822 1335 2906 effectus,
1353 2830 1440 2893 utao

257 2937 451 3032 episcopus,
468 2939 741 3024 archidiaconus,
757 2952 821 3015 aut
843 2943 932 3015 alius
948 2943 1093 3036 visitans
1113 2941 1158 3012 de
1178 2949 1283 3025 statu,
1301 2939 1396 3011 suffi-

257 3054 397 3140 cientia,
432 3065 470 3126 et
502 3056 730 3130 facultatibus
763 3059 857 3144 cleri,
888 3068 925 3132 et
958 3058 1108 3130 aliorum
1141 3056 1394 3128 usitandorum

258 3169 504 3262 perfectiorem
542 3173 701 3266 aliquam
735 3177 904 3247 notitiam
950 3182 1218 3268 consequantur,
1255 3195 1394 3265 acquum

257 3286 433 3373 duximus,
465 3297 507 3359 ut
535 3290 685 3382 quilibet
719 3301 845 3375 rector,
876 3295 1034 3376 vicarius,
1064 3300 1217 3374 curatus,
1246 3289 1395 3361 ludima-

255 3404 375 3496 gister,
391 3413 430 3475 et
452 3404 541 3476 alius
563 3407 763 3499 quicunque
786 3407 988 3481 licentiatus
1010 3409 1130 3480 literas
1152 3406 1324 3489 ordinum,
1341 3407 1437 3489 in-25

256 3519 458 3604 stitutionis,
469 3530 507 3592 et
518 3523 741 3606 inductionis,
752 3524 911 3617 itemque
923 3525 1209 3618 dispensationes,
1222 3522 1392 3606 licentias,

256 3645 294 3707 et
318 3638 504 3710 facultates
529 3662 608 3712 suas
631 3663 858 3734 quaecunque
877 3643 914 3712 in
937 3641 1138 3714 vidtations
1163 3641 1276 3732 prima
1298 3637 1393 3709 illius

256 3753 419 3847 episcopi,
436 3754 493 3825 vel
510 3757 547 3826 in
568 3757 729 3849 proxima
750 3766 831 3850 post
847 3758 923 3850 ejus
947 3759 1194 3830 admissionem
1214 3754 1392 3837 exhibeat,

255 3893 320 3963 per
344 3871 478 3942 dictum
504 3873 706 3944 visitantem
731 3873 981 3966 approbandas,
1006 3882 1080 3958 aut,
1109 3874 1138 3945 si
1161 3873 1260 3966 justa
1286 3871 1394 3942 fixerit

256 4008 370 4069 causa,
400 3988 624 4080 rejiciendas;
662 3999 700 4061 et
728 3993 757 4062 si
790 3991 990 4084 approbate
1019 3991 1160 4074 fuerint,
1190 4013 1254 4084 per
1285 3988 1437 4084 regis-30

256 4103 412 4187 trarium,
437 4105 490 4174 uti
516 4106 622 4176 moris
646 4114 711 4191 est,
736 4109 1008 4203 consignandas3
1038 4109 1203 4201 quodque
1228 4107 1331 4180 feoda
1354 4107 1392 4176 in

256 4219 513 4291 visitationibus
533 4221 668 4292 intuitu
695 4225 949 4316 praemissorum
972 4234 1141 4297 consueta
1164 4224 1262 4309 solvi,
1282 4221 1391 4296 semel

255 4337 429 4406 duntaxat
449 4344 609 4430 tempore
630 4338 776 4434 alicujus
798 4341 952 4435 episcopi
973 4342 1110 4436 integra
1128 4340 1391 4436 persolvantur;

254 4451 292 4522 in
308 4450 450 4544 reliquis
465 4475 549 4524 vero
561 4455 721 4546 ejusdem
734 4457 1002 4542 visitationibus,
1015 4458 1182 4551 quamdiu
1200 4459 1237 4528 in
1250 4480 1292 4530 ea
1308 4455 1392 4528 sede
