3140 4972
195 208 303 295 1604]
418 213 635 278 (emanatas
649 213 717 276 and
733 214 855 277 Canens
870 211 1111 278 Ecclesiastieat.
1270 209 1333 276 175

194 485 346 561 ΧΧΙΙΙ.
383 488 501 564 Ooenoe
529 516 612 564 asne
630 490 854 589 frequentior
882 489 1086 563 academicis
1115 488 1274 573 indictas,
1302 497 1334 558 et

389 630 484 679 rana
500 607 669 681 utentibus
682 607 952 707 genannrstecia
970 607 1134 702 injuncta.

244 753 289 824 In
306 758 469 829 omnibus
491 760 673 852 utriusque
695 764 883 833 academiae
900 763 1057 858 collegiis
1077 771 1115 832 et
1137 759 1227 831 aulis
1249 783 1335 852 prae-

195 871 280 941 fecti
302 882 340 943 et
363 875 458 959 socii,
476 877 536 968 qui
559 881 755 970 praesertim
776 879 927 972 pupillos
948 879 1091 961 habent,
1110 876 1335 969 sedulopro-

195 989 354 1081 spicient,
381 1001 422 1062 ut
444 994 597 1086 ipsorum
621 996 746 1089 pupilli
774 1018 905 1079 omnes,
931 1005 969 1067 et
994 994 1130 1088 reliqui,
1157 993 1216 1087 qui
1242 977 1361 1065 inter'5

196 1129 256 1176 eos
273 1117 395 1200 agunt,
412 1111 564 1181 universi
589 1120 685 1183 recte
702 1122 740 1182 et
761 1113 820 1205 pie
837 1113 1043 1196 educentur,
1060 1135 1101 1183 se
1118 1113 1156 1182 in
1178 1109 1335 1182 articulis

195 1221 373 1317 religionis
399 1229 538 1318 penitus
564 1227 803 1312 instituantur,
823 1229 1071 1322 publicamque
1093 1228 1274 1322 liturgiam
1297 1237 1334 1297 et

196 1340 381 1412 conciones
409 1341 596 1438 diligenter
624 1344 860 1438 frequentent,
886 1345 1079 1437 quinetiam
1106 1367 1239 1416 sacram
1266 1366 1336 1414 coe-

196 1479 279 1526 nam
295 1457 431 1552 jugiter
452 1459 658 1554 percipiant,
676 1485 783 1554 quam
808 1464 921 1556 primo
938 1486 1078 1557 quoque
1102 1461 1159 1532 vel
1181 1461 1335 1534 seeundo

196 1574 384 1666 cujuslibet
400 1577 530 1648 mensis
547 1578 605 1648 die
622 1577 798 1650 dominico
814 1581 851 1650 in
868 1579 1002 1650 eisdem
1018 1579 1176 1674 collegiis
1193 1588 1230 1649 et
1247 1578 1336 1650 aulis
1348 1596 1380 1636 1⁰

197 1691 507 1763 administrandam
533 1694 772 1780 decemimus;
799 1695 1031 1790 volumusque
1056 1707 1098 1768 ut
1123 1696 1250 1790 singuli
1278 1720 1337 1768 eo·

197 1808 346 1879 rundern
371 1809 537 1902 praefecti,
562 1812 657 1895 socii,
685 1812 871 1896 scholares,
894 1813 1089 1907 reliquique
1114 1813 1271 1898 studiosi,
1294 1836 1337 1884 ae

198 1923 364 2009 officiarii,
381 1934 418 1996 et
434 1925 575 1997 illorum
592 1928 742 2020 quilibet
758 1927 882 1999 famuli
899 1951 940 2000 ao
958 1930 1108 2001 ministri
1124 1953 1337 2023 unoquoque

197 2065 289 2112 anno
312 2050 437 2134 quater
458 2042 503 2113 ad
527 2043 714 2114 minimum
740 2045 897 2137 ejusdem
915 2047 986 2116 sint
1008 2047 1205 2140 participes,
1230 2046 1337 2139 idque

197 2159 234 2228 in
257 2181 373 2253 genua
395 2167 595 2230 reverenter
612 2161 668 2250 (ut
691 2184 754 2254 par
774 2167 842 2256 est)
860 2163 1029 2247 inclinati,
1048 2165 1157 2257 juxta
1173 2165 1281 2236 ritum
1299 2167 1381 2238 in¹5

197 2274 286 2345 libro
304 2275 453 2369 publieae
469 2275 618 2371 liturgiae
635 2280 730 2349 eain
746 2289 847 2372 parte
864 2283 1116 2374 praestitutum.

199 2528 347 2601 XXIV.
393 2530 509 2603 Goenoe
533 2529 571 2603 in
585 2531 693 2628 sestis
717 2531 909 2604 solennibus
935 2532 1191 2606 administratio
1222 2535 1260 2606 in
1287 2560 1339 2608 ee·

248 2643 362 2719 etesiis
382 2646 629 2720 cathedralibus
652 2648 794 2733 indicta,
812 2657 843 2720 et
865 2672 994 2721 eanum
1017 2649 1338 2724 administrantibus

247 2787 433 2858 capparum
451 2787 532 2834 nens
549 2759 732 2858 injunctus.

249 2911 320 2983 Per
344 2913 562 2985 cathedrales
584 2937 708 2985 omncs
730 2923 767 2983 et
790 2913 994 3008 collegiatae
1017 2914 1182 2985 ecclesias
1205 2937 1337 2986 sacram
1348 2935 1383 2974 20

199 3055 336 3102 coenam
363 3032 399 3101 in
427 3031 526 3102 festis
555 3031 756 3102 solennibus
784 3032 1019 3102 administrari
1049 3031 1223 3110 volumus,
1252 3054 1339 3103 non·

199 3171 378 3240 nunquam
395 3171 459 3242 per
474 3148 687 3241 episcopum,
706 3147 878 3239 siquidem
896 3169 1046 3241 praesens
1063 3147 1234 3230 extiterit,
1251 3170 1343 3218 non·

199 3287 380 3358 nunquam
402 3288 485 3336 vero
508 3288 572 3358 per
597 3264 781 3347 decanum,
798 3266 1008 3357 quaudoque
1025 3266 1133 3335 etiam
1157 3289 1219 3359 per
1236 3288 1340 3336 cano-

201 3383 320 3453 nicum
353 3380 410 3453 vel
448 3381 726 3475 praebendarium
761 3383 976 3472 (ministrum
1013 3383 1145 3454 ibidem
1184 3385 1339 3455 maxime

201 3499 432 3591 eminentem)
454 3498 676 3590 eundemque
701 3499 850 3569 decente
875 3523 987 3593 eappa
1011 3501 1190 3582 amictum,
1216 3523 1257 3572 ao
1280 3503 1383 3578 ad-25

194 3617 317 3708 jutum
342 3616 387 3686 ab
413 3613 586 3708 evangelii
612 3623 649 3684 et
675 3614 831 3706 epistolae
860 3615 1060 3699 lectoribus,
1084 3617 1191 3709 juxta
1219 3619 1340 3688 admo-

201 3734 353 3803 nitiones
382 3733 419 3802 in
453 3733 603 3824 septimo
634 3729 850 3802 Elizabethae
884 3731 1131 3827 promulgatas,
1161 3732 1267 3825 idque
1297 3737 1339 3807 iis

200 3851 304 3932 horis,
322 3859 360 3920 et
377 3871 457 3919 eum
471 3847 533 3946 illa
548 3870 687 3940 prorsus
704 3847 925 3932 limitatione,
940 3873 1018 3942 quae
1035 3851 1071 3920 in
1084 3848 1173 3920 libro
1190 3851 1340 3945 publicae

201 3966 351 4060 liturgioe
368 3965 622 4060 praefiniuntur.
670 3961 814 4034 Proviso
832 3987 978 4057 semper,
996 3974 1038 4035 ut
1054 3965 1152 4038 nulla
1168 3968 1338 4060 ejusmodi

201 4083 367 4160 limitatio
383 4081 602 4163 admittatur,
621 4081 860 4172 cujuscunque
878 4081 1021 4152 tandem
1042 4082 1340 4176 interpretationis
1348 4110 1383 4165 so

201 4210 387 4296 praetextu,
416 4200 603 4292 quominus
632 4197 760 4292 singuli
790 4199 922 4280 decani,
952 4198 1144 4292 guardiani,
1171 4201 1339 4296 magistri,

202 4319 276 4388 sive
298 4316 453 4409 preelecti
471 4315 680 4386 cathedralis
702 4315 869 4409 cujusque
890 4323 927 4385 et
951 4313 1146 4408 collegiatae
1170 4305 1340 4402 ecclesiae,

202 4443 240 4504 et
266 4433 385 4504 cuncti
411 4433 519 4504 etiam
546 4433 736 4504 earundem
760 4429 998 4525 praebendarii,
1023 4433 1193 4516 canonici,
1211 4435 1339 4519 vicarii,
