3140 4972
203 214 310 300 1604]
428 208 1124 281 mammaemammal.
1279 206 1344 275 arr

204 391 312 461 etiam
328 387 423 460 ultro
445 391 672 463 advenientes
693 389 808 484 primo
830 397 868 460 et
893 396 976 460 autc
1002 389 1121 460 omnia
1137 387 1343 480 juramento

205 513 338 590 oneret,
358 529 445 576 uum
467 508 589 590 sciant,
613 505 669 577 rel
692 505 834 600 speciali
857 504 976 599 aliqua
990 527 1095 576 causa
1117 503 1269 598 permoti
1285 502 1344 572 fir-

203 622 311 694 miter
332 622 487 707 credant,
504 623 722 706 defimctum,
740 623 785 692 de
807 621 907 714 cnjus
922 627 1147 705 testamento,
1164 618 1222 690 rel
1241 617 1344 690 bonis

203 739 331 833 agitur,
349 738 443 810 bona
464 739 590 831 aliqua,
607 746 671 810 aut
687 738 808 810 debita
827 737 954 809 idonea
969 739 1007 808 in
1029 736 1099 809 alia
1120 736 1241 830 quavis
1258 735 1345 806 die

204 855 286 937 cesi,
316 853 373 924 vel
403 854 622 939 dioecesibus,
650 861 713 925 aut
741 855 779 924 in
807 854 974 948 peculiari
1003 853 1073 926 alia
1098 851 1370 946 jurisdictiones

204 969 296 1041 infra
320 969 469 1040 candem
493 971 709 1063 provinciam
731 971 810 1056 sita,
828 993 934 1064 quam
957 971 996 1041 in
1020 993 1091 1064 qua
1111 969 1211 1054 obiit,
1232 991 1344 1061 usqua

205 1087 250 1157 ad
278 1085 434 1158 valorem
464 1087 620 1180 quinque
648 1085 826 1171 librarum,
855 1095 1016 1182 tempore
1045 1087 1127 1158 vitae
1153 1094 1191 1158 et
1219 1086 1345 1157 mortis

205 1225 277 1274 suae
305 1202 479 1276 habuisse.
531 1203 581 1275 Et
605 1205 635 1276 si
656 1203 738 1299 talis
767 1206 906 1289 citatus,
932 1203 990 1276 vel
1019 1211 1145 1298 sponte
1173 1203 1344 1275 accedens

205 1342 310 1414 super
330 1320 535 1413 juramento
561 1343 626 1392 sno
650 1319 885 1405 affirmaverit,
911 1343 949 1392 se
974 1321 1072 1404 scira
1098 1320 1155 1392 vel
1179 1318 1235 1410 (ut
1258 1343 1345 1414 prae-

205 1435 332 1530 fertar)
359 1435 507 1508 firmiter
531 1436 683 1520 credere,
710 1437 805 1529 quod
831 1436 1004 1530 ejusmodi
1028 1436 1217 1507 defunctus
1241 1435 1343 1520 bona,
1355 1461 1390 1501 10

205 1551 264 1623 vel
284 1553 412 1624 idonea
432 1554 554 1625 debita
574 1554 612 1625 in
637 1554 706 1627 alia
729 1552 846 1647 aliqua
871 1554 1021 1637 dioecesi,
1044 1553 1102 1624 rel
1127 1552 1344 1636 dioecesibus,

206 1667 263 1739 vel
279 1670 318 1739 in
339 1669 505 1763 peculiari
522 1669 640 1764 aliqua
659 1669 905 1763 jurisdictione
924 1669 1016 1741 infra
1032 1669 1181 1741 eandem
1205 1669 1346 1764 provin·

206 1786 309 1870 ciam,
334 1787 378 1857 ad
403 1786 560 1859 valorem
585 1786 792 1881 praedictum
820 1786 994 1870 habuerit,
1018 1785 1213 1878 eademque
1239 1808 1347 1878 pseu·

205 1902 339 1974 liariter
371 1904 590 1997 expresserit,
624 1927 666 1976 ac
700 1903 952 1989 declaraverit;
990 1919 1068 1974 tum
1102 1902 1224 1974 statim
1261 1925 1345 1974 eum

206 2020 375 2104 dimittet,
394 2043 460 2092 nec
480 2019 537 2092 vel
554 2029 810 2092 testamentum
829 2020 911 2092 talis
933 2019 1092 2092 defuncti
1113 2018 1270 2112 probare,
1287 2018 1345 2089 vel
1356 2043 1390 2103 15

206 2135 547 2208 administrationem
580 2136 754 2209 bonorum
787 2137 838 2208 sic
870 2136 916 2209 ab
944 2138 1114 2208 intestato
1143 2135 1346 2207 decedentis

207 2254 409 2338 concedere,
443 2277 559 2346 nequa
592 2253 678 2325 alias
718 2275 899 2347 expensas,
932 2275 1039 2346 quam
1077 2273 1141 2345 pro
1177 2252 1347 2323 citatione

207 2371 353 2455 debitas,
379 2368 436 2441 vel
465 2372 574 2442 etiam
599 2395 662 2465 pro
691 2371 768 2442 aliis
796 2370 1013 2465 processibus
1039 2378 1162 2440 contra
1190 2367 1344 2440 eundem

207 2509 312 2580 super
332 2487 440 2581 ipsius
456 2486 623 2558 ulteriore
640 2487 784 2558 forsitan
801 2485 1024 2558 contumacia
1045 2485 1221 2568 adhibitis,
1238 2483 1283 2555 ab
1300 2506 1344 2555 eo

207 2605 349 2698 exigere
378 2611 576 2697 praesumet,
606 2604 667 2674 sed
696 2601 764 2673 hoc
793 2603 976 2697 negotium
1005 2602 1050 2674 ad
1079 2601 1389 2696 praerogativamao

208 2721 539 2816 archiepiscopalem
558 2720 716 2814 ejusdem
741 2720 928 2813 provinciae
952 2727 1121 2813 spectare,
1144 2725 1275 2812 aperte,
1292 2716 1346 2788 di-

207 2845 370 2932 sertequc
394 2837 636 2931 profitebitur3
672 2837 867 2929 quinetiam
893 2844 1031 2929 partem
1053 2836 1165 2929 ipsam
1185 2835 1345 2907 monebit

207 2964 246 3027 ct
269 2956 478 3040 hortabitur,
499 2965 541 3027 ut
561 2956 654 3049 apud
673 2954 833 3047 judicem
854 2953 957 3024 dictae
979 2953 1215 3048 prerogativa
1236 2959 1346 3024 testa·

207 3081 370 3144 mentum
391 3071 480 3145 illud
496 3073 632 3167 probet,
648 3071 705 3142 vel
729 3070 1067 3142 administrationem
1090 3069 1216 3139 talium
1236 3067 1346 3140 bono·

208 3214 288 3261 rum
321 3198 433 3284 petat,
467 3198 505 3261 ct
533 3211 651 3260 coram
679 3189 756 3282 ipso
790 3185 962 3279 ejusmodi
995 3186 1238 3278 probationem
1271 3187 1389 3259 sive25

208 3307 557 3388 administrationem,
573 3303 687 3399 sigillo
705 3305 809 3376 curia
830 3303 1138 3396 prerogativamm
1160 3303 1345 3387 munitam,

207 3423 299 3493 infla
325 3422 556 3517 quadraginta
576 3421 651 3492 dics
677 3423 862 3492 continuos
882 3420 1060 3492 exhibeat.
1111 3420 1246 3505 Quodsi
1268 3421 1347 3514 quis

208 3538 444 3622 cancellarius,
457 3538 723 3622 commissarius,
733 3537 890 3610 officialis
902 3538 960 3609 vel
972 3537 1061 3610 alius
1073 3536 1347 3610 ecclesiasticam

201 3655 484 3748 jurisdictionem
517 3676 694 3738 exercens,
728 3653 786 3726 vel
818 3677 941 3726 eorum
970 3655 1187 3751 registrarius
1221 3652 1346 3746 aliquis

208 3771 474 3856 contrafecerit;
512 3770 557 3841 ab
587 3771 797 3842 executione
826 3771 931 3844 officii
961 3773 1015 3843 sui
1044 3773 1119 3866 ipso
1149 3772 1243 3843 facto
1273 3790 1390 3846 sus-³0

208 3909 358 3981 pensum
374 3909 412 3958 se
428 3886 575 3970 noverit,
592 3885 794 3959 nullatcnus
815 3887 1077 3972 absolvendum,
1095 3889 1207 3960 donec
1224 3909 1347 3959 omnes

209 4005 438 4097 pecuniarum
466 4026 631 4086 summas,
659 4011 781 4075 contra
809 4011 969 4075 tenorem
998 4005 1255 4098 praemissorum
1283 4026 1347 4097 per

210 4120 342 4190 dictam
364 4129 501 4212 partem
524 4141 706 4213 expensas,
723 4120 840 4190 eidem
861 4123 1075 4206 restituerit3
1101 4122 1252 4215 talisque
1272 4122 1347 4194 sive
1394 4193 1396 4196 .

209 4238 414 4309 testamenti
436 4237 607 4330 probatio,
624 4237 698 4308 sive
720 4237 1031 4310 administrationis
1053 4238 1230 4311 concessio
1252 4261 1347 4330 quae-

209 4376 349 4446 cunque
366 4355 442 4446 ipso
456 4353 538 4446 jure
557 4376 621 4446 pro
637 4350 735 4424 nulla
754 4353 936 4426 habeatur.
987 4353 1221 4449 Registrarius
1238 4354 1390 4430 etiamst

210 4471 379 4564 cujusque
389 4470 520 4564 judicis
536 4469 708 4542 inferioris
723 4472 958 4566 apparitorem
974 4472 1079 4544 curia
1099 4473 1346 4568 praerogativa,
