3140 4972
223 188 287 256 190
443 189 661 254 (hnetr'tutions
675 187 743 250 aad
759 189 881 253 Conona
895 189 1138 254 Ecclesiastiecl.
1308 189 1363 275 [V.

225 438 369 512 XLIII.
408 439 545 513 Decuna‘
566 452 599 514 ct
617 439 865 538 prehenderit,
884 445 923 513 in
948 441 1096 516 ecclesiia
1114 439 1363 514 cathedralibus

252 556 446 642 residente,
464 557 511 629 ud
524 557 676 631 sedulum
694 558 922 631 concionandi
937 557 1152 658 diliyeatium
1170 567 1336 630 terreatur.

272 723 452 818 Cujusque
470 726 624 800 ecclesiae
641 727 850 799 cathedralis
868 727 1029 810 decanus,
1047 727 1241 820 prefectus,
1259 749 1362 825 guar-

224 842 360 922 dianus,
391 843 448 914 uel
481 849 597 915 rector
629 844 838 938 principalis,
869 867 910 915 ao
939 843 1177 938 praebendarii,
1206 844 1294 913 item
1323 853 1361 914 et

224 957 382 1029 canonici
413 983 484 1029 non
506 961 612 1032 modo
640 963 675 1030 in
702 961 874 1054 ejusmodi
900 960 1056 1031 ecclesiis
1085 961 1166 1042 suis,
1194 960 1301 1052 idque
1323 960 1386 1032 ins

222 1077 370 1166 propriis
404 1078 569 1168 personis,
604 1079 710 1148 toties
753 1076 1063 1158 concionabuntur,
1098 1076 1236 1168 quotIes
1270 1073 1359 1170 lege,

222 1197 367 1275 statuto,
385 1191 614 1276 ordinatione,
631 1204 669 1263 et
686 1195 940 1264 consuetudine
957 1195 1002 1265 ad
1023 1195 1060 1264 id
1082 1202 1272 1278 tenentum
1298 1196 1360 1266 sed

222 1307 259 1375 in
277 1306 353 1379 aliis
370 1309 478 1379 etiam
496 1308 652 1380 ecclesiis
669 1309 827 1401 ejusdem
845 1311 1045 1393 dioeceseos,
1058 1311 1095 1380 in
1108 1333 1178 1404 qua
1194 1310 1359 1394 resident,

222 1448 263 1495 ac
276 1425 313 1495 in
326 1426 368 1496 iis
384 1424 558 1520 praeoipue
575 1424 669 1508 loeis,
684 1425 778 1496 unde
792 1425 850 1495 vel
865 1425 942 1518 ipsi,
956 1426 1013 1498 vel
1030 1427 1186 1519 ipsorum
1204 1425 1359 1498 ecclesiae

221 1542 373 1637 vectigal
394 1542 546 1636 aliquod,
564 1545 637 1613 sive
654 1543 789 1613 fructus
806 1566 940 1614 annuos
963 1544 1171 1636 percipiunt.
1223 1542 1358 1627 Quodsi
1370 1562 1405 1601 10

221 1659 287 1752 ipsi
304 1659 361 1729 vel
384 1659 599 1754 aegritudine,
617 1658 674 1730 vel
692 1660 792 1751 justa
812 1658 929 1754 aliqua
945 1684 1050 1732 causa
1071 1661 1233 1754 impediti
1259 1661 1360 1733 abfu-

216 1777 323 1878 erint,
341 1786 419 1846 tum
437 1776 700 1847 concionatores
717 1775 903 1847 sufficienti
921 1779 1132 1848 auctoritate
1148 1778 1359 1870 approbatos

165 1927 167 1930 ·
221 1915 285 1962 sua
301 1893 378 1963 vice
395 1893 622 1976 substituent,
640 1891 760 1985 quales
781 1893 963 1988 episcopus
981 1895 1197 1965 dioecesanus
1214 1895 1257 1965 ad
1275 1918 1359 1965 con-

221 2011 432 2081 cionandum
450 2012 487 2080 iu
500 2009 648 2082 eeclesia
660 2009 852 2082 cathedrali
870 2012 1014 2082 idoneos
1024 2011 1210 2103 judicabit.
1247 2011 1358 2083 Secus

220 2127 249 2198 si
267 2129 345 2222 quis
362 2130 455 2200 vices
472 2151 560 2212 suas,
579 2136 684 2221 prout
701 2128 836 2199 dictum
853 2138 917 2211 est,
931 2128 1093 2222 supplere
1110 2131 1356 2222 quoquomodo
1368 2154 1402 2214 15

219 2246 385 2328 omiserit,
412 2245 479 2338 per¹
497 2246 710 2339 episcopum,
731 2244 787 2316 vel
814 2269 883 2328 eos,
910 2247 955 2318 ad
981 2269 1068 2340 quos
1098 2247 1173 2339 ejus
1202 2246 1357 2319 ecclesie

212 2363 411 2455 jurisdictio
428 2363 629 2458 pertinebit,
647 2385 710 2456 pro
728 2362 849 2435 delicti
866 2365 992 2434 merito
1010 2365 1186 2456 punietur.

220 2611 364 2687 XLIV.
389 2611 635 2686 praebendarii
655 2613 842 2711 beneJtciutt'
865 2615 912 2687 cd
931 2638 1115 2713 coaqruam
1133 2615 1171 2687 ia
1189 2613 1357 2710 beneficiis

540 2732 613 2803 auis
630 2729 850 2803 residentium
868 2739 1033 2804 meatur.

271 2882 404 2955 Nullus
428 2883 585 2955 ecclesiae
609 2881 820 2955 cathedralis
845 2891 907 2954 aut
932 2882 1126 2978 collegiata
1156 2882 1401 2977 praehenda-20

219 3000 300 3084 rius,
323 3001 379 3072 vel
400 3004 598 3085 canonicus,
622 3003 682 3095 qui
702 3023 813 3071 unum
834 3000 891 3070 vet
915 3001 1015 3093 plura
1038 3001 1209 3072 beneficia
1236 3007 1358 3070 curata

219 3118 368 3202 obtinet,
400 3142 466 3190 neo
499 3120 537 3190 in
570 3143 634 3190 sua
667 3117 814 3190 eeclesia
847 3117 1039 3188 cathedrali
1073 3127 1135 3188 aut
1170 3115 1358 3211 collegiata

218 3237 478 3308 residerrtiarius
504 3237 635 3319 existit,
659 3260 680 3306 a
702 3234 882 3305 benefieiis
906 3233 978 3305 suis
1007 3235 1136 3304 curatis
1167 3235 1356 3326 (praetextu

216 3353 410 3444 praebendae
436 3356 520 3447 suta)
545 3353 639 3424 ultra
662 3361 803 3445 tempus
828 3351 932 3422 unius
957 3353 1087 3422 mensis
1111 3351 1230 3444 aliquo
1259 3373 1353 3422 anno

216 3470 341 3553 aberit,
358 3471 424 3540 nisi
449 3492 495 3540 ex
521 3479 669 3564 urgente
692 3491 807 3551 causa,
828 3475 867 3538 et
892 3489 954 3560 pro
981 3477 1078 3539 certo
1104 3477 1264 3560 tempore
1290 3491 1355 3560 per
1364 3490 1399 3549 25

217 3586 421 3678 episcopum
455 3586 691 3656 dioecesanum
733 3583 975 3677 approbandis.
1044 3584 1114 3669 Qui
1154 3592 1275 3654 autem
1308 3605 1355 3654 ex

217 3705 320 3776 dictis
341 3703 516 3776 canonicis
541 3713 578 3774 et
600 3703 846 3797 praebendariis
870 3725 934 3796 per
958 3701 1114 3774 ecclesiae
1139 3725 1210 3773 suae
1235 3700 1356 3773 cathe-

216 3822 394 3893 dralisaut
405 3820 598 3916 collegiata
615 3823 851 3893 ordinationes
864 3821 910 3891 ad
923 3821 1153 3893 necessariam
1171 3823 1207 3892 in
1221 3821 1355 3893 eisdem

216 3939 441 4010 residentiam
464 3945 640 4022 tenentur,
664 3939 689 4008 ii
712 3939 805 4010 inter
826 3963 864 4010 se
886 3941 967 4010 anni
989 3948 1149 4034 tempora
1175 3939 1226 4010 ita
1247 3940 1355 4032 parti-

215 4065 329 4139 entur,
343 4079 405 4149 pro
422 4055 611 4127 residentia
626 4055 664 4124 in
681 4054 784 4126 dietis
801 4054 958 4126 ecclesiis
975 4055 1144 4139 facienda,
1158 4064 1199 4126 ut
1216 4075 1400 4148 semperee

215 4195 337 4243 eorum
375 4173 482 4266 aliqui
523 4171 754 4264 personaliter
787 4171 861 4242 illio
903 4173 1107 4256 resideant3
1150 4194 1353 4264 omnesque,

214 4297 390 4382 quotquot
423 4290 460 4359 in
489 4289 651 4382 praesenti
685 4298 776 4372 sunt,
807 4297 869 4359 aut
902 4289 947 4360 de
981 4298 1107 4359 coetero
1133 4289 1244 4359 futuri
1270 4296 1353 4358 sunt

214 4405 444 4478 residentiarii
462 4407 496 4476 in
515 4404 590 4477 ulla
605 4406 797 4478 cathedrali
815 4415 877 4478 aut
894 4405 1081 4502 collegiata
1097 4406 1254 4489 ecclesia,
1273 4415 1353 4498 post
