3140 4972
213 233 319 319 1597]
441 231 650 297 musonem
663 232 730 297 mad
745 233 863 297 Conona
877 229 1110 298 Exuberat.
1284 232 1351 296 iss

265 407 441 479 Praeterea
472 408 708 502 adjiciendum
745 415 923 501 putamus,
956 429 1002 477 ne
1035 407 1201 499 cuiquam
1234 403 1351 488 liceat,

215 527 449 621 episcopalem
478 528 688 622 dignitatem
717 549 789 596 non
816 525 992 596 obtinenti
1022 523 1275 614 (commissario
1305 523 1350 592 ad

213 644 410 726 facultates,
428 665 470 714 ac
486 643 623 714 vicariis
642 640 864 738 generalibus
886 639 1136 733 archiepiscopi
1161 645 1198 708 et
1220 638 1354 731 episco-

213 783 349 854 porum,
367 759 451 831 sede
472 758 587 853 plena,
605 769 643 831 et
667 759 749 830 sede
766 766 925 839 vacante,
943 756 1147 827 custodibus
1164 753 1354 848 spirituali-

214 876 299 948 tatis
332 899 374 946 ac
404 877 595 960 ordinariis,
626 874 860 970 episcopalem
887 873 1169 966 jurisdictionem
1199 871 1243 941 de
1271 871 1379 963 jures

214 993 470 1074 exercentibus,
488 994 525 1063 in
547 994 618 1064 suis
636 991 937 1086 jurisdictionibus
959 989 1154 1082 respective
1175 984 1349 1080 exceptis)

214 1108 394 1179 licentiam
414 1107 614 1180 celebrandi
639 1109 862 1180 matrimonia
885 1108 959 1179 sine
985 1105 1110 1178 bannis
1135 1105 1351 1187 concedere3

214 1245 257 1294 ea
281 1246 364 1295 vero
392 1225 567 1296 duntaxat
591 1247 655 1319 per
679 1247 726 1306 se,
753 1247 795 1295 ac
821 1223 887 1295 sub
907 1245 1077 1294 manuum
1103 1244 1244 1294 suarum
1272 1220 1353 1291 sub-

213 1341 413 1434 scriptione,
441 1365 513 1412 non
542 1365 606 1435 per
634 1342 821 1436 deputatos
846 1349 908 1412 aut
936 1347 1135 1435 surrogatos
1165 1359 1257 1422 suos,
1286 1359 1353 1407 nec

213 1455 300 1540 aliis,
318 1481 424 1551 quam
444 1481 516 1530 suae
534 1459 771 1552 jurisdictioni
797 1460 946 1530 subditis
970 1458 1195 1530 concedatur.
1247 1454 1352 1526 Nulli
1364 1485 1397 1524 10

213 1579 335 1642 autem
356 1571 595 1664 cujuscunque
620 1593 734 1656 sexus,
758 1572 950 1668 dignitatis,
974 1581 1037 1643 aut
1060 1572 1191 1644 ordinis
1215 1571 1268 1660 (in
1290 1593 1354 1663 pa·

213 1696 356 1758 rentum
389 1711 452 1759 seu
482 1689 758 1783 gubernatorum
787 1711 872 1761 cura
900 1698 938 1759 et
968 1690 1139 1783 regimine
1168 1687 1352 1781 existenti)

214 1803 437 1889 concedatur,
467 1806 533 1876 nisi
563 1806 659 1898 prius
688 1807 888 1877 constiterit
914 1805 959 1876 de
989 1827 1154 1898 expresso
1180 1809 1352 1874 consensu

213 1929 402 2014 parentum
428 1921 486 1992 rel
518 1922 795 2016 gubernatomm
825 1943 968 1992 suorum
996 1922 1041 2013 (si
1067 1920 1160 1990 forte
1187 1929 1352 2012 parentes

214 2037 430 2108 excesserint
460 2060 481 2108 e
510 2037 599 2128 vita)
637 2038 743 2131 idque
775 2046 963 2131 parentum
996 2036 1259 2131 significatione,
1289 2043 1352 2106 aut
1363 2065 1411 2126 15·

214 2155 490 2249 gubernatorum
510 2155 623 2248 judici
652 2153 881 2249 personaliter
905 2154 1011 2238 facta,
1031 2153 1088 2223 vel
1114 2151 1352 2246 chirographis

214 2273 379 2364 ipsorum,
396 2269 524 2364 quibus
546 2273 653 2343 fidem
676 2272 875 2343 habendam
898 2293 1067 2341 essenon
1090 2277 1266 2363 putamus,
1284 2268 1351 2338 nisi

214 2409 279 2481 per
293 2389 441 2458 nuncios
457 2389 614 2460 honestae
630 2389 841 2460 conditionis
853 2396 891 2458 et
904 2387 1006 2458 famae
1022 2385 1137 2458 illaesae
1149 2385 1350 2468 mittantur,

215 2507 275 2598 qui
291 2505 399 2577 fidem
416 2506 546 2577 faciant
564 2529 602 2577 se
614 2508 659 2577 de
672 2513 859 2599 parentum
876 2513 938 2574 aut
954 2503 1229 2598 gubematomm
1242 2523 1351 2572 manu

214 2622 445 2716 chirographa
465 2622 667 2716 hujusmodi
688 2623 860 2714 recepisse
877 2623 968 2692 veris
988 2620 1188 2691 nominibus
1208 2642 1249 2689 ac
1269 2641 1396 2712 cog-20

214 2738 414 2809 nominibus
438 2761 502 2831 pcr
526 2737 725 2830 hujusmodi
749 2738 896 2807 nuncios
913 2737 1226 2831 designandorum3
1252 2737 1352 2828 cujus

215 2854 436 2948 chirographi
460 2855 696 2940 exhibitionis,
716 2879 758 2926 ac
772 2855 966 2948 juramenti
990 2877 1053 2947 per
1073 2855 1242 2925 nuncium
1266 2877 1352 2948 prae-

215 2971 289 3042 stiti
319 2979 440 3041 actum
469 2972 640 3043 conscribi
669 2972 842 3043 volumus.
898 2971 979 3042 Nec
1008 2995 1091 3041 vero
1120 2971 1197 3041 aliis
1228 2993 1352 3042 conce-

215 3088 343 3158 dantur
371 3086 572 3180 hujusmodi
602 3087 838 3181 indulgentia,
869 3111 975 3180 quam
1004 3085 1149 3158 illustris
1179 3096 1218 3159 et
1248 3087 1350 3158 clarae

215 3205 424 3274 conditionis
440 3203 649 3286 hominibus,
666 3204 733 3274 nisi
750 3227 878 3299 urgens
898 3207 1086 3276 necessitas
1104 3206 1350 3288 intercesserit,
1361 3231 1395 3290 ²5

216 3343 328 3412 eaque
339 3320 452 3413 judici
470 3321 611 3414 cognita
628 3321 744 3390 firerit.

266 3435 441 3506 Praeterea
469 3437 506 3505 in
535 3437 611 3529 ipso
636 3436 903 3528 dispensationis
932 3437 1005 3508 sive
1036 3437 1187 3508 licentiae
1216 3446 1351 3522 tenore,

215 3552 363 3624 ccclesia
388 3553 614 3624 habitationis
640 3555 713 3624 sive
739 3554 1022 3625 commorationis
1048 3555 1193 3626 alterius
1216 3563 1353 3625 contra·
1390 3617 1392 3621 ,

215 3670 390 3754 hentium,
406 3669 463 3740 vel
489 3678 675 3763 parentum
701 3681 738 3739 et
763 3669 1039 3763 gubernatorum
1067 3694 1210 3742 suorum
1237 3672 1353 3764 expri-

215 3794 344 3869 matur,
358 3795 397 3856 et
413 3796 553 3878 tempus
570 3786 640 3856 diei
658 3786 766 3856 etiam
783 3808 988 3881 congruum,
1001 3811 1130 3883 nempe
1147 3790 1239 3859 inter
1250 3789 1397 3868 horasao

216 3909 377 3972 octavam
395 3911 433 3972 et
450 3902 694 3972 duodecimam
711 3911 795 3972 ante
812 3904 994 3974 meridiem
1012 3906 1220 3998 assignetur.

267 4018 348 4089 Nec
377 4020 453 4090 sine
479 4017 699 4113 indulgentia
727 4042 749 4090 a
778 4029 1003 4114 competente
1027 4023 1150 4115 judice
1179 4046 1352 4106 concessa,

216 4135 378 4206 minister
406 4134 531 4227 aliquis
560 4136 824 4206 matrimonium
854 4136 1021 4222 celebret,
1048 4141 1115 4210 nisi
1148 4141 1241 4211 trina
1268 4141 1354 4211 ban-

216 4274 340 4322 norum
365 4252 644 4334 denunciatione,
671 4275 733 4345 per
759 4253 918 4348 legitima
943 4255 1138 4339 intervalla,
1165 4258 1354 4328 interveni-

217 4376 311 4452 ente,
327 4368 392 4439 sub
409 4391 513 4463 poena
530 4369 839 4441 constitutionibus
856 4371 1126 4464 provincialibus
1143 4375 1352 4468 prescripta.
1362 4395 1396 4454 35

266 4484 412 4557 Proviso
434 4509 581 4579 semper,
611 4487 705 4579 quod
731 4489 932 4580 quicunque
958 4497 1081 4560 contra
1102 4489 1193 4562 hanc
1216 4492 1354 4564 ordina·
