3128 4962
158 230 270 316 ψ]
565 231 703 298 aaa,
717 229 922 318 osanam.
1260 227 1302 292 45

155 407 312 480 minibus
337 417 512 490 constant,
530 409 591 501 qui
614 431 685 479 non
712 430 835 478 omncs
862 407 987 500 spiritu
1012 413 1051 474 et
1076 399 1211 474 bverbo
1231 401 1303 474 Doi

154 531 339 616 reguntur,
355 533 395 594 et
417 547 532 596 errare
554 533 714 618 possunt,
734 533 772 594 ct
799 523 980 594 interdum
1001 526 1172 600 errarunt,
1195 517 1303 589 etiam

154 639 193 706 in
217 639 274 710 his
299 664 381 733 quae
406 641 451 712 ad
477 663 638 711 normam
663 641 805 733 pietatis
830 639 1030 732 pertinent:
1056 635 1137 705 ideo
1154 655 1235 726 quac
1257 633 1304 704 ab

154 751 227 822 illis
243 755 519 835 constituuntm‚
537 762 580 824 ut
602 755 647 826 ad
670 754 821 825 salutem
838 753 1041 834 necessaria,
1059 771 1174 841 neque
1196 748 1305 821 robur

154 867 300 952 habent,
317 893 434 962 neque
453 871 713 955 auctoritatem,
733 871 801 941 uisi
827 869 964 940 ostendi
988 866 1124 960 possint
1144 887 1165 936 c
1188 862 1328 947 Sacris5

156 982 289 1056 Litoris
309 1008 386 1058 esse
402 987 600 1080 desumpta

585 1235 644 1308 De
656 1236 876 1334 percalcato.

206 1381 379 1456 Doctrina
396 1386 676 1459 Romanensium
698 1389 743 1458 de
765 1387 978 1482 purgatorio,
996 1386 1041 1456 dc
1061 1382 1302 1478 indulgentiis,

154 1501 202 1570 de
227 1502 465 1586 veneratione,
483 1511 522 1574 ct
546 1504 764 1590 adoratione,
790 1511 869 1574 tum
893 1502 1099 1596 imaginum,
1122 1509 1201 1571 tum
1223 1499 1304 1569 reli-

153 1617 329 1708 quiarum,
347 1640 487 1690 necnon
503 1618 549 1690 dc
565 1619 788 1689 invocatione
806 1617 1030 1700 Sanctorum,
1044 1639 1099 1688 res
1112 1625 1166 1688 est
1179 1615 1301 1699 futilis,
1312 1637 1346 1678 10

154 1731 307 1802 inaniter
329 1731 492 1816 conficta,
509 1741 547 1804 et
570 1731 677 1804 nullis
703 1731 964 1826 Scripturarum
980 1727 1192 1803 testimoniis
1212 1727 1302 1800 inni-

154 1847 254 1929 titur,
270 1847 381 1918 immo
399 1849 507 1919 verbo
524 1847 594 1920 Dei
612 1848 833 1920 contradicit.

351 2111 463 2186 Nemo
480 2114 519 2184 in
536 2112 675 2187 ccclesia
692 2115 864 2187 ministret
880 2114 951 2185 nisi
963 2121 1109 2186 motus.

205 2263 293 2336 Non
314 2264 400 2337 licct
421 2266 585 2359 cuiquam
606 2289 745 2338 sumere
768 2266 835 2338 sibi
857 2287 987 2336 munus
1009 2263 1152 2358 publica
1174 2264 1300 2356 prndi-

152 2381 269 2465 candi,
297 2389 361 2452 aut
393 2382 660 2454 administrandi
695 2381 925 2456 Sacramenta
954 2381 993 2453 in
1027 2378 1196 2462 Ecclesia,
1233 2381 1344 2454 nisi15

152 2499 251 2590 prius
274 2498 381 2568 fuerit
400 2499 446 2569 ad
470 2498 545 2570 hnc
568 2498 732 2571 obeunda
757 2498 918 2594 legitime
937 2505 1083 2570 vocatus
1104 2506 1141 2570 ot
1163 2499 1300 2570 missus.

153 2611 279 2706 Atque
301 2612 381 2684 illos
403 2614 563 2708 legitime
586 2623 729 2687 vocatos
756 2623 794 2685 et
817 2615 941 2688 missos
963 2615 1167 2688 existimare
1194 2612 1300 2684 debc-

152 2751 246 2815 mus,
261 2729 323 2822 qui
343 2753 407 2823 per
425 2729 596 2815 homines,
613 2732 741 2824 quibus
757 2739 916 2824 potestas
937 2730 1087 2802 vocandi
1110 2729 1298 2812 ministros,

152 2855 262 2938 atquc
277 2845 446 2917 mittendi
462 2847 500 2917 iu
516 2848 656 2918 vineam
674 2845 829 2932 Domini,
847 2846 989 2941 publice
1005 2869 1171 2920 concessa
1186 2853 1241 2917 cst
1261 2846 1299 2916 in

153 2962 324 3046 Ecclesia,
342 2965 499 3057 cooptati
515 2964 657 3047 fuerint,
675 2971 713 3034 ct
729 2963 855 3035 adsciti
871 2963 908 3034 in
925 2963 994 3034 hoc
1010 2985 1108 3056 opus.
1307 2983 1342 3024 πο

216 3234 403 3334 Aycadum
420 3245 469 3307 est
485 3236 525 3307 in
536 3233 694 3308 Ecclesia
709 3229 829 3334 linyuu
846 3259 923 3332 qoae
938 3236 985 3308 ct
995 3233 1126 3332 populo
1142 3243 1233 3310 coto.

203 3387 344 3482 Lingua
375 3387 505 3482 populo
543 3411 616 3460 non
653 3387 836 3460 intellecta
868 3387 1027 3483 publicas
1064 3389 1102 3459 in
1136 3387 1297 3460 Ecclesia

149 3525 274 3598 proces
290 3525 458 3598 peragere
480 3511 543 3574 aut
566 3503 796 3577 Sacramenta
817 3505 1072 3590 administrare,
1090 3505 1197 3578 verbo
1216 3505 1295 3590 Dei,

150 3631 191 3693 et
205 3621 397 3715 primitivae
414 3619 581 3694 Ecclesia
597 3621 844 3694 consuetudini
861 3621 965 3716 plane
982 3630 1166 3716 repugnat.

561 3919 879 3996 DcSocrumcntio.
1303 3965 1337 4026 ,5

200 4069 433 4145 Sacramenta
448 4095 470 4142 a
487 4069 629 4143 Christo
651 4073 825 4157 instituta,
842 4095 914 4144 non
931 4080 1073 4144 tantum
1094 4082 1178 4145 sunt
1200 4081 1294 4162 notae

148 4188 376 4279 professionis
399 4185 688 4274 Christianorum,
706 4190 769 4260 sed
785 4197 884 4262 certa
907 4191 1066 4283 quoedam
1082 4192 1201 4284 potius
1222 4199 1294 4262 tea·

147 4304 309 4386 timonio,
327 4310 365 4373 ct
381 4301 537 4374 efficacia
553 4305 653 4399 signa
666 4303 788 4399 gratiae
800 4311 907 4396 atque
924 4304 1024 4375 bonae
1040 4306 1076 4375 in
1093 4327 1157 4378 nos
1169 4305 1294 4378 volun·

254 4497 270 4543 ιι
286 4511 305 4534 0⁴
315 4501 438 4560 Verum
453 4501 482 4560 n
495 4502 546 4560 tue
559 4501 682 4578 original
695 4503 801 4562 uteret
815 4503 854 4579 sy
867 4502 917 4560 tae
929 4523 986 4580 pen
998 4511 1029 4562 to
1043 4513 1062 4536 ι·
1071 4504 1187 4566 vernos·
