<?xml version="1.0" encoding="UTF-8"?>
<!DOCTYPE html PUBLIC "-//W3C//DTD XHTML 1.0 Transitional//EN"
    "http://www.w3.org/TR/xhtml1/DTD/xhtml1-transitional.dtd">
<html xmlns="http://www.w3.org/1999/xhtml" xml:lang="en" lang="en">
 <head>
  <title>
</title>
<meta http-equiv="Content-Type" content="text/html;charset=utf-8" />
  <meta name='ocr-system' content='tesseract 3.04.00' />
  <meta name='ocr-capabilities' content='ocr_page ocr_carea ocr_par ocr_line ocrx_word'/>
</head>
<body>
  <div class='ocr_page' id='page_1' title='image "./synodaliaacolle00cardgoog_0200.png"; bbox 0 0 3140 4972; ppageno 0'>
   <div class='ocr_carea' id='block_1_1' title="bbox 222 234 1356 319">
    <p class='ocr_par' dir='ltr' id='par_1_1' title="bbox 222 234 1356 319">
     <span class='ocr_line' id='line_1_1' title="bbox 222 234 1356 319; baseline -0.003 -14"><span class='ocrx_word' id='word_1_1' title='bbox 222 235 329 319; x_wconf 83' lang='lat'>1597·]</span> <span class='ocrx_word' id='word_1_2' title='bbox 450 234 658 302; x_wconf 68' lang='lat' dir='ltr'>Constitutione</span> <span class='ocrx_word' id='word_1_3' title='bbox 671 237 737 304; x_wconf 82' lang='lat' dir='ltr'>aad</span> <span class='ocrx_word' id='word_1_4' title='bbox 752 240 873 304; x_wconf 77' lang='lat' dir='ltr'>Cortona</span> <span class='ocrx_word' id='word_1_5' title='bbox 885 237 1120 304; x_wconf 66' lang='lat' dir='ltr'>salutassent.</span> <span class='ocrx_word' id='word_1_6' title='bbox 1294 238 1356 302; x_wconf 79' lang='lat'>155</span> 
     </span>
    </p>
   </div>
   <div class='ocr_carea' id='block_1_2' title="bbox 217 407 1470 1079">
    <p class='ocr_par' dir='ltr' id='par_1_2' title="bbox 217 407 1470 1079">
     <span class='ocr_line' id='line_1_2' title="bbox 267 407 1355 508; baseline 0.002 -29"><span class='ocrx_word' id='word_1_7' title='bbox 267 407 387 480; x_wconf 89' lang='lat' dir='ltr'>Judex</span> <span class='ocrx_word' id='word_1_8' title='bbox 405 421 535 496; x_wconf 90' lang='lat' dir='ltr'>autem,</span> <span class='ocrx_word' id='word_1_9' title='bbox 554 415 614 506; x_wconf 92' lang='lat' dir='ltr'>qui</span> <span class='ocrx_word' id='word_1_10' title='bbox 635 413 847 484; x_wconf 87' lang='lat' dir='ltr'>sententiam</span> <span class='ocrx_word' id='word_1_11' title='bbox 872 415 1100 508; x_wconf 79' lang='lat' dir='ltr'><strong>separationis</strong></span> <span class='ocrx_word' id='word_1_12' title='bbox 1126 437 1188 485; x_wconf 92' lang='lat' dir='ltr'>seu</span> <span class='ocrx_word' id='word_1_13' title='bbox 1212 413 1355 483; x_wconf 84' lang='lat' dir='ltr'>divortii</span> 
     </span>
     <span class='ocr_line' id='line_1_3' title="bbox 219 526 1356 625; baseline 0.004 -30"><span class='ocrx_word' id='word_1_14' title='bbox 219 526 351 609; x_wconf 90' lang='lat' dir='ltr'>tulerit,</span> <span class='ocrx_word' id='word_1_15' title='bbox 381 535 418 598; x_wconf 89' lang='lat' dir='ltr'>et</span> <span class='ocrx_word' id='word_1_16' title='bbox 443 531 619 622; x_wconf 84' lang='lat' dir='ltr'>praemissa</span> <span class='ocrx_word' id='word_1_17' title='bbox 644 532 762 602; x_wconf 91' lang='lat' dir='ltr'>omnia</span> <span class='ocrx_word' id='word_1_18' title='bbox 786 553 858 602; x_wconf 93' lang='lat' dir='ltr'>non</span> <span class='ocrx_word' id='word_1_19' title='bbox 881 533 1094 625; x_wconf 75' lang='lat' dir='ltr'>prestiterit,</span> <span class='ocrx_word' id='word_1_20' title='bbox 1120 556 1183 625; x_wconf 92' lang='lat' dir='ltr'>per</span> <span class='ocrx_word' id='word_1_21' title='bbox 1205 539 1278 602; x_wconf 88' lang='lat' dir='ltr'>tres</span> <span class='ocrx_word' id='word_1_22' title='bbox 1303 531 1356 600; x_wconf 93' lang='lat' dir='ltr'>in-</span> 
     </span>
     <span class='ocr_line' id='line_1_4' title="bbox 218 647 1356 741; baseline 0.002 -27"><span class='ocrx_word' id='word_1_23' title='bbox 218 652 336 738; x_wconf 82' lang='lat' dir='ltr'>tegros</span> <span class='ocrx_word' id='word_1_24' title='bbox 361 667 499 716; x_wconf 88' lang='lat' dir='ltr'>menses</span> <span class='ocrx_word' id='word_1_25' title='bbox 523 647 569 718; x_wconf 86' lang='lat' dir='ltr'>ab</span> <span class='ocrx_word' id='word_1_26' title='bbox 589 649 799 720; x_wconf 76' lang='lat' dir='ltr'>executione</span> <span class='ocrx_word' id='word_1_27' title='bbox 821 647 926 719; x_wconf 90' lang='lat' dir='ltr'>officii</span> <span class='ocrx_word' id='word_1_28' title='bbox 952 650 1006 718; x_wconf 91' lang='lat' dir='ltr'>sui</span> <span class='ocrx_word' id='word_1_29' title='bbox 1030 671 1094 741; x_wconf 90' lang='lat' dir='ltr'>per</span> <span class='ocrx_word' id='word_1_30' title='bbox 1119 649 1356 718; x_wconf 86' lang='lat' dir='ltr'>dioecesanum</span> 
     </span>
     <span class='ocr_line' id='line_1_5' title="bbox 218 761 1470 858; baseline 0.001 -26"><span class='ocrx_word' id='word_1_31' title='bbox 218 783 321 832; x_wconf 88' lang='lat' dir='ltr'>sumn</span> <span class='ocrx_word' id='word_1_32' title='bbox 343 764 599 856; x_wconf 86' lang='lat' dir='ltr'>suspendetur3</span> <span class='ocrx_word' id='word_1_33' title='bbox 625 776 663 838; x_wconf 88' lang='lat' dir='ltr'>et</span> <span class='ocrx_word' id='word_1_34' title='bbox 684 767 861 836; x_wconf 89' lang='lat' dir='ltr'>sententia</span> <span class='ocrx_word' id='word_1_35' title='bbox 885 766 1112 858; x_wconf 77' lang='lat' dir='ltr'>separationis</span> <span class='ocrx_word' id='word_1_36' title='bbox 1138 761 1261 834; x_wconf 85' lang='lat' dir='ltr'>contra</span> <span class='ocrx_word' id='word_1_37' title='bbox 1286 765 1355 834; x_wconf 89' lang='lat' dir='ltr'>for·</span> <span class='ocrx_word' id='word_1_38' title='bbox 1465 843 1470 854; x_wconf 30' lang='lat'><strong>¹</strong></span> 
     </span>
     <span class='ocr_line' id='line_1_6' title="bbox 217 878 1381 975; baseline 0.007 -27"><span class='ocrx_word' id='word_1_39' title='bbox 217 900 313 948; x_wconf 91' lang='lat' dir='ltr'>mam</span> <span class='ocrx_word' id='word_1_40' title='bbox 335 878 538 970; x_wconf 83' lang='lat' dir='ltr'>praedictam</span> <span class='ocrx_word' id='word_1_41' title='bbox 559 879 641 963; x_wconf 86' lang='lat' dir='ltr'>lata,</span> <span class='ocrx_word' id='word_1_42' title='bbox 658 904 721 975; x_wconf 91' lang='lat' dir='ltr'>pro</span> <span class='ocrx_word' id='word_1_43' title='bbox 739 880 837 952; x_wconf 91' lang='lat' dir='ltr'>nulla</span> <span class='ocrx_word' id='word_1_44' title='bbox 853 882 898 952; x_wconf 91' lang='lat' dir='ltr'>ad</span> <span class='ocrx_word' id='word_1_45' title='bbox 915 903 1057 951; x_wconf 91' lang='lat' dir='ltr'>omnem</span> <span class='ocrx_word' id='word_1_46' title='bbox 1075 881 1165 974; x_wconf 89' lang='lat' dir='ltr'>juris</span> <span class='ocrx_word' id='word_1_47' title='bbox 1187 879 1381 956; x_wconf 88' lang='lat' dir='ltr'>effectum5</span> 
     </span>
     <span class='ocr_line' id='line_1_7' title="bbox 217 995 1008 1079; baseline 0.003 -14"><span class='ocrx_word' id='word_1_48' title='bbox 217 995 414 1079; x_wconf 80' lang='lat' dir='ltr'>habebitur,</span> <span class='ocrx_word' id='word_1_49' title='bbox 431 1019 472 1068; x_wconf 91' lang='lat' dir='ltr'>ac</span> <span class='ocrx_word' id='word_1_50' title='bbox 490 999 519 1068; x_wconf 93' lang='lat' dir='ltr'>si</span> <span class='ocrx_word' id='word_1_51' title='bbox 536 999 679 1069; x_wconf 90' lang='lat' dir='ltr'>omnino</span> <span class='ocrx_word' id='word_1_52' title='bbox 696 998 769 1069; x_wconf 91' lang='lat' dir='ltr'>lata</span> <span class='ocrx_word' id='word_1_53' title='bbox 785 1021 855 1070; x_wconf 90' lang='lat' dir='ltr'>non</span> <span class='ocrx_word' id='word_1_54' title='bbox 874 999 1008 1068; x_wconf 77' lang='lat' dir='ltr'>luisset.</span> 
     </span>
    </p>
   </div>
   <div class='ocr_carea' id='block_1_3' title="bbox 270 1192 1300 1293">
    <p class='ocr_par' dir='ltr' id='par_1_3' title="bbox 270 1192 1300 1293">
     <span class='ocr_line' id='line_1_8' title="bbox 270 1192 1300 1293; baseline 0 -27"><span class='ocrx_word' id='word_1_55' title='bbox 270 1192 328 1267; x_wconf 84' lang='lat' dir='ltr'>Dc</span> <span class='ocrx_word' id='word_1_56' title='bbox 343 1193 532 1268; x_wconf 70' lang='lat' dir='ltr'>accessibus</span> <span class='ocrx_word' id='word_1_57' title='bbox 549 1197 642 1268; x_wconf 82' lang='lat' dir='ltr'>circa</span> <span class='ocrx_word' id='word_1_58' title='bbox 658 1197 1039 1269; x_wconf 72' lang='lat' dir='ltr'>cacommnnmatioacm</span> <span class='ocrx_word' id='word_1_59' title='bbox 1056 1194 1300 1293; x_wconf 73' lang='lat' dir='ltr'>reformandis.</span> 
     </span>
    </p>
   </div>
   <div class='ocr_carea' id='block_1_4' title="bbox 209 1345 1400 4604">
    <p class='ocr_par' dir='ltr' id='par_1_4' title="bbox 209 1345 1400 3306">
     <span class='ocr_line' id='line_1_9' title="bbox 268 1345 1354 1442; baseline 0.002 -26"><span class='ocrx_word' id='word_1_60' title='bbox 268 1345 361 1430; x_wconf 87' lang='lat' dir='ltr'>Quia</span> <span class='ocrx_word' id='word_1_61' title='bbox 372 1348 745 1420; x_wconf 80' lang='lat' dir='ltr'>excommunicationis</span> <span class='ocrx_word' id='word_1_62' title='bbox 758 1371 841 1420; x_wconf 88' lang='lat' dir='ltr'>usus</span> <span class='ocrx_word' id='word_1_63' title='bbox 857 1350 895 1419; x_wconf 90' lang='lat' dir='ltr'>in</span> <span class='ocrx_word' id='word_1_64' title='bbox 908 1350 1057 1420; x_wconf 90' lang='lat' dir='ltr'>ecclesia</span> <span class='ocrx_word' id='word_1_65' title='bbox 1072 1355 1251 1442; x_wconf 86' lang='lat' dir='ltr'>perpetuae</span> <span class='ocrx_word' id='word_1_66' title='bbox 1266 1346 1354 1441; x_wconf 86' lang='lat' dir='ltr'>legis</span> 
     </span>
     <span class='ocr_line' id='line_1_10' title="bbox 217 1464 1355 1559; baseline 0.001 -26"><span class='ocrx_word' id='word_1_67' title='bbox 217 1465 373 1558; x_wconf 87' lang='lat' dir='ltr'>vigorem</span> <span class='ocrx_word' id='word_1_68' title='bbox 390 1465 467 1557; x_wconf 89' lang='lat' dir='ltr'>jam</span> <span class='ocrx_word' id='word_1_69' title='bbox 491 1466 654 1548; x_wconf 81' lang='lat' dir='ltr'>obtinuit,</span> <span class='ocrx_word' id='word_1_70' title='bbox 671 1475 778 1558; x_wconf 87' lang='lat' dir='ltr'>atque</span> <span class='ocrx_word' id='word_1_71' title='bbox 801 1466 956 1536; x_wconf 92' lang='lat' dir='ltr'>inomni</span> <span class='ocrx_word' id='word_1_72' title='bbox 973 1465 1219 1559; x_wconf 89' lang='lat' dir='ltr'>jurisdictione</span> <span class='ocrx_word' id='word_1_73' title='bbox 1242 1464 1355 1534; x_wconf 88' lang='lat' dir='ltr'>eccle-</span> 
     </span>
     <span class='ocr_line' id='line_1_11' title="bbox 217 1580 1399 1674; baseline 0.003 -25"><span class='ocrx_word' id='word_1_74' title='bbox 217 1581 356 1652; x_wconf 84' lang='lat' dir='ltr'>siastica</span> <span class='ocrx_word' id='word_1_75' title='bbox 372 1581 570 1651; x_wconf 90' lang='lat' dir='ltr'>exercenda</span> <span class='ocrx_word' id='word_1_76' title='bbox 586 1580 767 1674; x_wconf 88' lang='lat' dir='ltr'>hucusque</span> <span class='ocrx_word' id='word_1_77' title='bbox 784 1582 966 1664; x_wconf 87' lang='lat' dir='ltr'>retinetm,</span> <span class='ocrx_word' id='word_1_78' title='bbox 983 1583 1062 1652; x_wconf 92' lang='lat' dir='ltr'>ideo</span> <span class='ocrx_word' id='word_1_79' title='bbox 1083 1581 1215 1673; x_wconf 93' lang='lat' dir='ltr'>absque</span> <span class='ocrx_word' id='word_1_80' title='bbox 1231 1580 1355 1674; x_wconf 81' lang='lat' dir='ltr'>grandi</span> <span class='ocrx_word' id='word_1_81' title='bbox 1366 1612 1399 1652; x_wconf 77' lang='grc' dir='ltr'>ιο</span> 
     </span>
     <span class='ocr_line' id='line_1_12' title="bbox 216 1696 1355 1792; baseline 0.002 -26"><span class='ocrx_word' id='word_1_82' title='bbox 216 1696 414 1767; x_wconf 81' lang='lat' dir='ltr'>mutatione</span> <span class='ocrx_word' id='word_1_83' title='bbox 431 1697 541 1768; x_wconf 89' lang='lat' dir='ltr'>totius</span> <span class='ocrx_word' id='word_1_84' title='bbox 558 1699 675 1790; x_wconf 91' lang='lat' dir='ltr'>ejusce</span> <span class='ocrx_word' id='word_1_85' title='bbox 686 1698 939 1790; x_wconf 90' lang='lat' dir='ltr'>jurisdictionis</span> <span class='ocrx_word' id='word_1_86' title='bbox 952 1707 990 1770; x_wconf 88' lang='lat' dir='ltr'>et</span> <span class='ocrx_word' id='word_1_87' title='bbox 1006 1696 1236 1792; x_wconf 87' lang='lat' dir='ltr'>plurimarum</span> <span class='ocrx_word' id='word_1_88' title='bbox 1249 1697 1355 1790; x_wconf 90' lang='lat' dir='ltr'>hujus</span> 
     </span>
     <span class='ocr_line' id='line_1_13' title="bbox 216 1813 1355 1908; baseline 0.002 -26"><span class='ocrx_word' id='word_1_89' title='bbox 216 1814 315 1906; x_wconf 87' lang='lat' dir='ltr'>regni</span> <span class='ocrx_word' id='word_1_90' title='bbox 339 1813 458 1908; x_wconf 85' lang='lat' dir='ltr'>legum</span> <span class='ocrx_word' id='word_1_91' title='bbox 480 1815 638 1886; x_wconf 86' lang='lat' dir='ltr'>innovari</span> <span class='ocrx_word' id='word_1_92' title='bbox 656 1813 713 1886; x_wconf 83' lang='lat' dir='ltr'>vel</span> <span class='ocrx_word' id='word_1_93' title='bbox 736 1813 876 1885; x_wconf 85' lang='lat' dir='ltr'>alterari</span> <span class='ocrx_word' id='word_1_94' title='bbox 900 1816 1043 1907; x_wconf 91' lang='lat' dir='ltr'>nequit;</span> <span class='ocrx_word' id='word_1_95' title='bbox 1070 1813 1297 1884; x_wconf 91' lang='lat' dir='ltr'>nihilominus</span> <span class='ocrx_word' id='word_1_96' title='bbox 1313 1823 1355 1884; x_wconf 89' lang='lat' dir='ltr'>ut</span> 
     </span>
     <span class='ocr_line' id='line_1_14' title="bbox 216 1929 1356 2038; baseline 0.001 -40"><span class='ocrx_word' id='word_1_97' title='bbox 216 1931 535 2001; x_wconf 79' lang='lat' dir='ltr'>excommunicatio</span> <span class='ocrx_word' id='word_1_98' title='bbox 565 1931 657 2023; x_wconf 79' lang='lat' dir='ltr'>(quae</span> <span class='ocrx_word' id='word_1_99' title='bbox 691 1932 911 2002; x_wconf 85' lang='lat' dir='ltr'>auctoritatis</span> <span class='ocrx_word' id='word_1_100' title='bbox 944 1955 985 2002; x_wconf 91' lang='lat' dir='ltr'>ac</span> <span class='ocrx_word' id='word_1_101' title='bbox 1019 1929 1210 2038; x_wconf 76' lang='lat' dir='ltr'>disciplinae</span> <span class='ocrx_word' id='word_1_102' title='bbox 1243 1929 1356 2002; x_wconf 88' lang='lat' dir='ltr'>eccle-</span> 
     </span>
     <span class='ocr_line' id='line_1_15' title="bbox 216 2046 1355 2142; baseline 0.002 -26"><span class='ocrx_word' id='word_1_103' title='bbox 216 2047 366 2118; x_wconf 86' lang='lat' dir='ltr'>siasticae</span> <span class='ocrx_word' id='word_1_104' title='bbox 391 2048 488 2139; x_wconf 86' lang='lat' dir='ltr'>quasi</span> <span class='ocrx_word' id='word_1_105' title='bbox 511 2071 638 2119; x_wconf 88' lang='lat' dir='ltr'>nervus</span> <span class='ocrx_word' id='word_1_106' title='bbox 661 2049 814 2142; x_wconf 88' lang='lat' dir='ltr'>quidam,</span> <span class='ocrx_word' id='word_1_107' title='bbox 835 2071 876 2118; x_wconf 89' lang='lat' dir='ltr'>ac</span> <span class='ocrx_word' id='word_1_108' title='bbox 900 2047 1078 2118; x_wconf 87' lang='lat' dir='ltr'>vinculum</span> <span class='ocrx_word' id='word_1_109' title='bbox 1101 2046 1263 2118; x_wconf 89' lang='lat' dir='ltr'>habenda</span> <span class='ocrx_word' id='word_1_110' title='bbox 1287 2051 1355 2140; x_wconf 87' lang='lat' dir='ltr'>est)</span> 
     </span>
     <span class='ocr_line' id='line_1_16' title="bbox 216 2163 1400 2258; baseline -0.001 -25"><span class='ocrx_word' id='word_1_111' title='bbox 216 2163 262 2233; x_wconf 91' lang='lat' dir='ltr'>ad</span> <span class='ocrx_word' id='word_1_112' title='bbox 278 2164 464 2256; x_wconf 85' lang='lat' dir='ltr'>pristinum</span> <span class='ocrx_word' id='word_1_113' title='bbox 482 2186 585 2235; x_wconf 92' lang='lat' dir='ltr'>snum</span> <span class='ocrx_word' id='word_1_114' title='bbox 602 2187 716 2247; x_wconf 92' lang='lat' dir='ltr'>usum,</span> <span class='ocrx_word' id='word_1_115' title='bbox 734 2164 842 2234; x_wconf 88' lang='lat' dir='ltr'>decus</span> <span class='ocrx_word' id='word_1_116' title='bbox 858 2174 897 2233; x_wconf 91' lang='lat' dir='ltr'>et</span> <span class='ocrx_word' id='word_1_117' title='bbox 914 2165 1123 2258; x_wconf 82' lang='lat' dir='ltr'>dignitatem</span> <span class='ocrx_word' id='word_1_118' title='bbox 1147 2163 1400 2248; x_wconf 83' lang='lat' dir='ltr'>reducatur315</span> 
     </span>
     <span class='ocr_line' id='line_1_17' title="bbox 216 2279 1356 2374; baseline 0.001 -27"><span class='ocrx_word' id='word_1_119' title='bbox 216 2286 361 2348; x_wconf 89' lang='lat' dir='ltr'>cautum</span> <span class='ocrx_word' id='word_1_120' title='bbox 379 2287 443 2361; x_wconf 89' lang='lat' dir='ltr'>est,</span> <span class='ocrx_word' id='word_1_121' title='bbox 461 2287 503 2350; x_wconf 90' lang='lat' dir='ltr'>ut</span> <span class='ocrx_word' id='word_1_122' title='bbox 520 2282 796 2374; x_wconf 89' lang='lat' dir='ltr'>quotiescunque</span> <span class='ocrx_word' id='word_1_123' title='bbox 814 2303 961 2350; x_wconf 88' lang='lat' dir='ltr'>censura</span> <span class='ocrx_word' id='word_1_124' title='bbox 976 2280 1044 2351; x_wconf 89' lang='lat' dir='ltr'>ista</span> <span class='ocrx_word' id='word_1_125' title='bbox 1061 2281 1097 2350; x_wconf 92' lang='lat' dir='ltr'>in</span> <span class='ocrx_word' id='word_1_126' title='bbox 1114 2279 1356 2349; x_wconf 86' lang='lat' dir='ltr'>immediatam</span> 
     </span>
     <span class='ocr_line' id='line_1_18' title="bbox 215 2395 1353 2490; baseline -0.001 -24"><span class='ocrx_word' id='word_1_127' title='bbox 215 2419 357 2490; x_wconf 86' lang='lat' dir='ltr'>poenam</span> <span class='ocrx_word' id='word_1_128' title='bbox 385 2397 537 2490; x_wconf 86' lang='lat' dir='ltr'>cujusvis</span> <span class='ocrx_word' id='word_1_129' title='bbox 566 2399 711 2468; x_wconf 87' lang='lat' dir='ltr'>notoriae</span> <span class='ocrx_word' id='word_1_130' title='bbox 741 2397 920 2480; x_wconf 86' lang='lat' dir='ltr'>haereseos,</span> <span class='ocrx_word' id='word_1_131' title='bbox 951 2397 1158 2478; x_wconf 90' lang='lat' dir='ltr'>schismatis,</span> <span class='ocrx_word' id='word_1_132' title='bbox 1189 2395 1353 2477; x_wconf 88' lang='lat' dir='ltr'>simoniae,</span> 
     </span>
     <span class='ocr_line' id='line_1_19' title="bbox 216 2512 1355 2610; baseline 0.002 -29"><span class='ocrx_word' id='word_1_133' title='bbox 216 2512 368 2605; x_wconf 89' lang='lat' dir='ltr'>perjurii,</span> <span class='ocrx_word' id='word_1_134' title='bbox 395 2536 518 2596; x_wconf 87' lang='lat' dir='ltr'>usurae,</span> <span class='ocrx_word' id='word_1_135' title='bbox 544 2514 708 2598; x_wconf 91' lang='lat' dir='ltr'>incestus,</span> <span class='ocrx_word' id='word_1_136' title='bbox 734 2515 907 2598; x_wconf 89' lang='lat' dir='ltr'>adulterii,</span> <span class='ocrx_word' id='word_1_137' title='bbox 929 2538 991 2586; x_wconf 90' lang='lat' dir='ltr'>seu</span> <span class='ocrx_word' id='word_1_138' title='bbox 1016 2514 1182 2610; x_wconf 86' lang='lat' dir='ltr'>gravioris</span> <span class='ocrx_word' id='word_1_139' title='bbox 1207 2513 1355 2606; x_wconf 87' lang='lat' dir='ltr'>alicujus</span> 
     </span>
     <span class='ocr_line' id='line_1_20' title="bbox 216 2629 1355 2725; baseline 0.002 -27"><span class='ocrx_word' id='word_1_140' title='bbox 216 2629 370 2699; x_wconf 87' lang='lat' dir='ltr'>criminis</span> <span class='ocrx_word' id='word_1_141' title='bbox 393 2630 530 2700; x_wconf 78' lang='lat' dir='ltr'>venerit</span> <span class='ocrx_word' id='word_1_142' title='bbox 552 2631 751 2725; x_wconf 84' lang='lat' dir='ltr'>infligenda,</span> <span class='ocrx_word' id='word_1_143' title='bbox 769 2633 945 2703; x_wconf 88' lang='lat' dir='ltr'>sententia</span> <span class='ocrx_word' id='word_1_144' title='bbox 961 2632 1036 2724; x_wconf 86' lang='lat' dir='ltr'>ipsa</span> <span class='ocrx_word' id='word_1_145' title='bbox 1057 2631 1113 2701; x_wconf 86' lang='lat' dir='ltr'>vel</span> <span class='ocrx_word' id='word_1_146' title='bbox 1137 2654 1200 2724; x_wconf 92' lang='lat' dir='ltr'>per</span> <span class='ocrx_word' id='word_1_147' title='bbox 1221 2629 1355 2701; x_wconf 87' lang='lat' dir='ltr'>archie-</span> 
     </span>
     <span class='ocr_line' id='line_1_21' title="bbox 214 2745 1399 2840; baseline 0.006 -26"><span class='ocrx_word' id='word_1_148' title='bbox 214 2745 409 2839; x_wconf 90' lang='lat' dir='ltr'>piscopum,</span> <span class='ocrx_word' id='word_1_149' title='bbox 433 2747 645 2839; x_wconf 88' lang='lat' dir='ltr'>episcopum,</span> <span class='ocrx_word' id='word_1_150' title='bbox 670 2746 851 2830; x_wconf 89' lang='lat' dir='ltr'>decanum,</span> <span class='ocrx_word' id='word_1_151' title='bbox 870 2747 1164 2830; x_wconf 90' lang='lat' dir='ltr'>archidiaconum,</span> <span class='ocrx_word' id='word_1_152' title='bbox 1188 2745 1245 2817; x_wconf 85' lang='lat' dir='ltr'>vel</span> <span class='ocrx_word' id='word_1_153' title='bbox 1268 2771 1399 2840; x_wconf 76' lang='lat' dir='ltr'>prm-20</span> 
     </span>
     <span class='ocr_line' id='line_1_22' title="bbox 216 2862 1356 2956; baseline 0.003 -25"><span class='ocrx_word' id='word_1_154' title='bbox 216 2863 422 2932; x_wconf 85' lang='lat' dir='ltr'>bandarium</span> <span class='ocrx_word' id='word_1_155' title='bbox 449 2863 570 2952; x_wconf 81' lang='lat' dir='ltr'>(modo</span> <span class='ocrx_word' id='word_1_156' title='bbox 595 2862 700 2934; x_wconf 89' lang='lat' dir='ltr'>sacris</span> <span class='ocrx_word' id='word_1_157' title='bbox 725 2863 904 2934; x_wconf 89' lang='lat' dir='ltr'>ordinibus</span> <span class='ocrx_word' id='word_1_158' title='bbox 930 2872 968 2935; x_wconf 89' lang='lat' dir='ltr'>et</span> <span class='ocrx_word' id='word_1_159' title='bbox 990 2864 1227 2936; x_wconf 89' lang='lat' dir='ltr'>ecclesiastica</span> <span class='ocrx_word' id='word_1_160' title='bbox 1249 2865 1356 2956; x_wconf 90' lang='lat' dir='ltr'>juris-</span> 
     </span>
     <span class='ocr_line' id='line_1_23' title="bbox 217 2981 1353 3075; baseline 0.001 -25"><span class='ocrx_word' id='word_1_161' title='bbox 217 2981 370 3050; x_wconf 89' lang='lat' dir='ltr'>dictione</span> <span class='ocrx_word' id='word_1_162' title='bbox 387 2982 553 3075; x_wconf 87' lang='lat' dir='ltr'>praeditus</span> <span class='ocrx_word' id='word_1_163' title='bbox 567 2982 687 3072; x_wconf 78' lang='lat' dir='ltr'>luerit)</span> <span class='ocrx_word' id='word_1_164' title='bbox 699 2982 736 3051; x_wconf 91' lang='lat' dir='ltr'>in</span> <span class='ocrx_word' id='word_1_165' title='bbox 748 2981 887 3074; x_wconf 89' lang='lat' dir='ltr'>propria</span> <span class='ocrx_word' id='word_1_166' title='bbox 898 3003 1046 3074; x_wconf 89' lang='lat' dir='ltr'>persona</span> <span class='ocrx_word' id='word_1_167' title='bbox 1057 2982 1353 3074; x_wconf 88' lang='lat' dir='ltr'>pronunciahitur,</span> 
     </span>
     <span class='ocr_line' id='line_1_24' title="bbox 215 3098 1356 3191; baseline 0.003 -25"><span class='ocrx_word' id='word_1_168' title='bbox 215 3120 287 3167; x_wconf 88' lang='lat' dir='ltr'>una</span> <span class='ocrx_word' id='word_1_169' title='bbox 312 3120 393 3167; x_wconf 92' lang='lat' dir='ltr'>cum</span> <span class='ocrx_word' id='word_1_170' title='bbox 417 3099 586 3191; x_wconf 88' lang='lat' dir='ltr'>ejusmodi</span> <span class='ocrx_word' id='word_1_171' title='bbox 611 3099 808 3190; x_wconf 86' lang='lat' dir='ltr'>frequentia</span> <span class='ocrx_word' id='word_1_172' title='bbox 831 3109 868 3168; x_wconf 89' lang='lat' dir='ltr'>et</span> <span class='ocrx_word' id='word_1_173' title='bbox 890 3099 1096 3182; x_wconf 88' lang='lat' dir='ltr'>assistentia,</span> <span class='ocrx_word' id='word_1_174' title='bbox 1114 3122 1191 3191; x_wconf 86' lang='lat' dir='ltr'>quae</span> <span class='ocrx_word' id='word_1_175' title='bbox 1214 3098 1258 3169; x_wconf 93' lang='lat' dir='ltr'>ad</span> <span class='ocrx_word' id='word_1_176' title='bbox 1282 3121 1356 3169; x_wconf 88' lang='lat' dir='ltr'>ma-</span> 
     </span>
     <span class='ocr_line' id='line_1_25' title="bbox 209 3212 1343 3306; baseline 0 -23"><span class='ocrx_word' id='word_1_177' title='bbox 209 3214 326 3306; x_wconf 90' lang='lat' dir='ltr'>jorem</span> <span class='ocrx_word' id='word_1_178' title='bbox 344 3214 393 3283; x_wconf 90' lang='lat' dir='ltr'>rei</span> <span class='ocrx_word' id='word_1_179' title='bbox 411 3215 660 3285; x_wconf 83' lang='lat' dir='ltr'>auctoritatem</span> <span class='ocrx_word' id='word_1_180' title='bbox 677 3212 931 3285; x_wconf 88' lang='lat' dir='ltr'>conciliandam</span> <span class='ocrx_word' id='word_1_181' title='bbox 949 3217 1144 3286; x_wconf 88' lang='lat' dir='ltr'>conducere</span> <span class='ocrx_word' id='word_1_182' title='bbox 1158 3215 1343 3284; x_wconf 85' lang='lat' dir='ltr'>videbitur.</span> 
     </span>
    </p>

    <p class='ocr_par' dir='ltr' id='par_1_5' title="bbox 215 3329 1399 4240">
     <span class='ocr_line' id='line_1_26' title="bbox 267 3329 1398 3426; baseline -0.002 -24"><span class='ocrx_word' id='word_1_183' title='bbox 267 3331 441 3424; x_wconf 88' lang='lat' dir='ltr'>Denique,</span> <span class='ocrx_word' id='word_1_184' title='bbox 459 3334 551 3424; x_wconf 89' lang='lat' dir='ltr'>quod</span> <span class='ocrx_word' id='word_1_185' title='bbox 571 3333 809 3424; x_wconf 90' lang='lat' dir='ltr'>unusquisque</span> <span class='ocrx_word' id='word_1_186' title='bbox 826 3331 974 3402; x_wconf 74' lang='lat' dir='ltr'>sicarius</span> <span class='ocrx_word' id='word_1_187' title='bbox 991 3331 1172 3426; x_wconf 85' lang='lat' dir='ltr'>generalis,</span> <span class='ocrx_word' id='word_1_188' title='bbox 1186 3329 1354 3414; x_wconf 88' lang='lat' dir='ltr'>officialis,</span> <span class='ocrx_word' id='word_1_189' title='bbox 1364 3359 1398 3418; x_wconf 85' lang='lat'>²5</span> 
     </span>
     <span class='ocr_line' id='line_1_27' title="bbox 216 3447 1356 3540; baseline -0.002 -22"><span class='ocrx_word' id='word_1_190' title='bbox 216 3471 279 3518; x_wconf 89' lang='lat' dir='ltr'>seu</span> <span class='ocrx_word' id='word_1_191' title='bbox 309 3449 575 3530; x_wconf 87' lang='lat' dir='ltr'>commissarius,</span> <span class='ocrx_word' id='word_1_192' title='bbox 604 3450 663 3540; x_wconf 93' lang='lat' dir='ltr'>qui</span> <span class='ocrx_word' id='word_1_193' title='bbox 694 3448 832 3519; x_wconf 90' lang='lat' dir='ltr'>ordines</span> <span class='ocrx_word' id='word_1_194' title='bbox 862 3447 1114 3520; x_wconf 87' lang='lat' dir='ltr'>ecclesiasticos</span> <span class='ocrx_word' id='word_1_195' title='bbox 1143 3471 1214 3519; x_wconf 90' lang='lat' dir='ltr'>non</span> <span class='ocrx_word' id='word_1_196' title='bbox 1240 3470 1356 3519; x_wconf 89' lang='lat' dir='ltr'>susce-</span> 
     </span>
     <span class='ocr_line' id='line_1_28' title="bbox 215 3563 1355 3658; baseline 0 -24"><span class='ocrx_word' id='word_1_197' title='bbox 215 3565 319 3658; x_wconf 90' lang='lat' dir='ltr'>perit,</span> <span class='ocrx_word' id='word_1_198' title='bbox 353 3565 530 3634; x_wconf 90' lang='lat' dir='ltr'>eruditum</span> <span class='ocrx_word' id='word_1_199' title='bbox 565 3564 719 3658; x_wconf 89' lang='lat' dir='ltr'>aliquem</span> <span class='ocrx_word' id='word_1_200' title='bbox 752 3563 994 3656; x_wconf 81' lang='lat' dir='ltr'>presbyterum</span> <span class='ocrx_word' id='word_1_201' title='bbox 1028 3565 1094 3634; x_wconf 94' lang='lat' dir='ltr'>sibi</span> <span class='ocrx_word' id='word_1_202' title='bbox 1128 3573 1283 3636; x_wconf 79' lang='lat' dir='ltr'>accenset</span> <span class='ocrx_word' id='word_1_203' title='bbox 1317 3571 1355 3634; x_wconf 89' lang='lat' dir='ltr'>et</span> 
     </span>
     <span class='ocr_line' id='line_1_29' title="bbox 216 3680 1355 3775; baseline -0.001 -23"><span class='ocrx_word' id='word_1_204' title='bbox 216 3681 410 3764; x_wconf 85' lang='lat' dir='ltr'>associabit,</span> <span class='ocrx_word' id='word_1_205' title='bbox 429 3681 488 3772; x_wconf 92' lang='lat' dir='ltr'>qui</span> <span class='ocrx_word' id='word_1_206' title='bbox 510 3680 695 3752; x_wconf 87' lang='lat' dir='ltr'>sufficienti</span> <span class='ocrx_word' id='word_1_207' title='bbox 720 3681 939 3763; x_wconf 87' lang='lat' dir='ltr'>auctoritate,</span> <span class='ocrx_word' id='word_1_208' title='bbox 957 3681 1014 3750; x_wconf 91' lang='lat' dir='ltr'>vel</span> <span class='ocrx_word' id='word_1_209' title='bbox 1030 3681 1075 3751; x_wconf 90' lang='lat' dir='ltr'>ab</span> <span class='ocrx_word' id='word_1_210' title='bbox 1098 3681 1174 3775; x_wconf 92' lang='lat' dir='ltr'>ipso</span> <span class='ocrx_word' id='word_1_211' title='bbox 1191 3683 1355 3774; x_wconf 90' lang='lat' dir='ltr'>episcopo</span> 
     </span>
     <span class='ocr_line' id='line_1_30' title="bbox 216 3795 1356 3891; baseline 0.004 -24"><span class='ocrx_word' id='word_1_212' title='bbox 216 3799 253 3867; x_wconf 94' lang='lat' dir='ltr'>in</span> <span class='ocrx_word' id='word_1_213' title='bbox 270 3797 515 3890; x_wconf 90' lang='lat' dir='ltr'>jurisdictione</span> <span class='ocrx_word' id='word_1_214' title='bbox 535 3820 607 3880; x_wconf 90' lang='lat' dir='ltr'>sua,</span> <span class='ocrx_word' id='word_1_215' title='bbox 625 3797 683 3867; x_wconf 86' lang='lat' dir='ltr'>vel</span> <span class='ocrx_word' id='word_1_216' title='bbox 706 3798 751 3868; x_wconf 91' lang='lat' dir='ltr'>ab</span> <span class='ocrx_word' id='word_1_217' title='bbox 767 3795 1011 3868; x_wconf 83' lang='lat' dir='ltr'>archidiacono</span> <span class='ocrx_word' id='word_1_218' title='bbox 1030 3795 1246 3891; x_wconf 86' lang='lat' dir='ltr'>(presbytero</span> <span class='ocrx_word' id='word_1_219' title='bbox 1263 3799 1356 3871; x_wconf 88' lang='lat' dir='ltr'>exis·</span> 
     </span>
     <span class='ocr_line' id='line_1_31' title="bbox 215 3913 1399 4008; baseline 0 -23"><span class='ocrx_word' id='word_1_220' title='bbox 215 3917 331 4008; x_wconf 81' lang='lat' dir='ltr'>tante)</span> <span class='ocrx_word' id='word_1_221' title='bbox 353 3914 390 3984; x_wconf 90' lang='lat' dir='ltr'>in</span> <span class='ocrx_word' id='word_1_222' title='bbox 406 3915 651 4006; x_wconf 87' lang='lat' dir='ltr'>jurisdictione</span> <span class='ocrx_word' id='word_1_223' title='bbox 672 3937 736 3986; x_wconf 90' lang='lat' dir='ltr'>sua</span> <span class='ocrx_word' id='word_1_224' title='bbox 758 3915 925 3996; x_wconf 89' lang='lat' dir='ltr'>munitus,</span> <span class='ocrx_word' id='word_1_225' title='bbox 950 3913 1056 4006; x_wconf 91' lang='lat' dir='ltr'>idque</span> <span class='ocrx_word' id='word_1_226' title='bbox 1084 3937 1129 3984; x_wconf 87' lang='lat' dir='ltr'>ex</span> <span class='ocrx_word' id='word_1_227' title='bbox 1154 3915 1354 4008; x_wconf 85' lang='lat' dir='ltr'>praescripto</span> <span class='ocrx_word' id='word_1_228' title='bbox 1363 3946 1399 4001; x_wconf 83' lang='lat'>30</span> 
     </span>
     <span class='ocr_line' id='line_1_32' title="bbox 216 4031 1356 4126; baseline 0 -24"><span class='ocrx_word' id='word_1_229' title='bbox 216 4033 324 4126; x_wconf 88' lang='lat' dir='ltr'>ipsius</span> <span class='ocrx_word' id='word_1_230' title='bbox 341 4031 471 4124; x_wconf 91' lang='lat' dir='ltr'>judicis</span> <span class='ocrx_word' id='word_1_231' title='bbox 494 4041 580 4102; x_wconf 90' lang='lat' dir='ltr'>tunc</span> <span class='ocrx_word' id='word_1_232' title='bbox 605 4033 795 4125; x_wconf 67' lang='lat' dir='ltr'>praesentis,</span> <span class='ocrx_word' id='word_1_233' title='bbox 819 4032 1192 4103; x_wconf 86' lang='lat' dir='ltr'>excommunicationis</span> <span class='ocrx_word' id='word_1_234' title='bbox 1215 4042 1356 4103; x_wconf 88' lang='lat' dir='ltr'>senten·</span> 
     </span>
     <span class='ocr_line' id='line_1_33' title="bbox 216 4147 874 4240; baseline 0.003 -24"><span class='ocrx_word' id='word_1_235' title='bbox 216 4148 303 4218; x_wconf 91' lang='lat' dir='ltr'>tiam</span> <span class='ocrx_word' id='word_1_236' title='bbox 319 4170 383 4240; x_wconf 91' lang='lat' dir='ltr'>pro</span> <span class='ocrx_word' id='word_1_237' title='bbox 400 4149 622 4218; x_wconf 90' lang='lat' dir='ltr'>contumacia</span> <span class='ocrx_word' id='word_1_238' title='bbox 638 4147 874 4218; x_wconf 88' lang='lat' dir='ltr'>denunciabit.</span> 
     </span>
    </p>

    <p class='ocr_par' dir='ltr' id='par_1_6' title="bbox 216 4261 1398 4604">
     <span class='ocr_line' id='line_1_34' title="bbox 267 4261 1356 4354; baseline 0 -20"><span class='ocrx_word' id='word_1_239' title='bbox 267 4261 444 4334; x_wconf 88' lang='lat' dir='ltr'>Volumus</span> <span class='ocrx_word' id='word_1_240' title='bbox 471 4265 590 4346; x_wconf 88' lang='lat' dir='ltr'>etiam,</span> <span class='ocrx_word' id='word_1_241' title='bbox 616 4265 707 4334; x_wconf 87' lang='lat' dir='ltr'>sicut</span> <span class='ocrx_word' id='word_1_242' title='bbox 736 4264 971 4334; x_wconf 88' lang='lat' dir='ltr'>constitutum</span> <span class='ocrx_word' id='word_1_243' title='bbox 996 4271 1064 4346; x_wconf 91' lang='lat' dir='ltr'>est,</span> <span class='ocrx_word' id='word_1_244' title='bbox 1091 4263 1262 4354; x_wconf 89' lang='lat' dir='ltr'>ejusmodi</span> <span class='ocrx_word' id='word_1_245' title='bbox 1293 4287 1356 4334; x_wconf 90' lang='lat' dir='ltr'>ex-</span> 
     </span>
     <span class='ocr_line' id='line_1_35' title="bbox 216 4378 1354 4474; baseline 0.002 -25"><span class='ocrx_word' id='word_1_246' title='bbox 216 4381 572 4451; x_wconf 88' lang='lat' dir='ltr'>communicationem</span> <span class='ocrx_word' id='word_1_247' title='bbox 605 4403 669 4474; x_wconf 89' lang='lat' dir='ltr'>per</span> <span class='ocrx_word' id='word_1_248' title='bbox 702 4381 900 4450; x_wconf 89' lang='lat' dir='ltr'>ministrum</span> <span class='ocrx_word' id='word_1_249' title='bbox 935 4379 1090 4451; x_wconf 89' lang='lat' dir='ltr'>ecclesiae</span> <span class='ocrx_word' id='word_1_250' title='bbox 1128 4378 1354 4464; x_wconf 90' lang='lat' dir='ltr'>denunciari;</span> 
     </span>
     <span class='ocr_line' id='line_1_36' title="bbox 217 4492 1398 4604; baseline 0.004 -43"><span class='ocrx_word' id='word_1_251' title='bbox 217 4492 267 4564; x_wconf 90' lang='lat' dir='ltr'>ita</span> <span class='ocrx_word' id='word_1_252' title='bbox 283 4495 358 4587; x_wconf 90' lang='lat' dir='ltr'>ipse</span> <span class='ocrx_word' id='word_1_253' title='bbox 368 4494 482 4587; x_wconf 87' lang='lat' dir='ltr'>judex</span> <span class='ocrx_word' id='word_1_254' title='bbox 500 4493 783 4604; x_wconf 36' lang='lat' dir='ltr'>de‘absolutione</span> <span class='ocrx_word' id='word_1_255' title='bbox 796 4493 903 4587; x_wconf 89' lang='lat' dir='ltr'>ipsius</span> <span class='ocrx_word' id='word_1_256' title='bbox 921 4493 971 4563; x_wconf 90' lang='lat' dir='ltr'>rei</span> <span class='ocrx_word' id='word_1_257' title='bbox 988 4500 1068 4586; x_wconf 90' lang='lat' dir='ltr'>post</span> <span class='ocrx_word' id='word_1_258' title='bbox 1080 4492 1398 4566; x_wconf 54' lang='lat' dir='ltr'>satisfactionem&amp;</span> 
     </span>
    </p>
   </div>
   <div class='ocr_carea' id='block_1_5' title="bbox 0 0 1574 4972">
    <p class='ocr_par' dir='ltr' id='par_1_7' title="bbox 0 0 1574 4972">
     <span class='ocr_line' id='line_1_37' title="bbox 0 0 1574 4972; baseline 0 0"><span class='ocrx_word' id='word_1_259' title='bbox 0 0 1574 4972; x_wconf 95' lang='lat' dir='ltr'> </span> 
     </span>
    </p>
   </div>
  </div>
 </body>
</html>
