3128 4962
163 293 274 378 1552.]
562 291 695 359 Aaou·
707 287 904 377 osnouyro.
1261 289 1300 352 11

161 469 213 542 sic
240 489 421 562 exponere
448 473 645 562 potestat
672 467 777 540 alteri
803 466 1044 539 contradicat:
1082 485 1190 558 quare
1216 462 1304 536 licet

163 583 326 657 Ecclesia
357 585 405 656 sit
434 583 632 657 divinorum
657 584 828 656 librorum
855 583 958 655 tortis
987 589 1026 654 et
1054 580 1302 664 conservatrix,

162 711 325 774 attammr
345 709 389 772 nt
408 702 574 773 adversus
598 723 660 772 eos
681 701 770 772 nihil
786 703 986 784 decernere,
1003 700 1055 770 ita
1075 703 1203 792 praetor
1222 695 1303 767 illos

163 818 254 891 miri]
271 817 485 890 credendum
502 818 548 889 do
563 819 773 890 necessitate
789 817 913 890 salutis
928 816 1036 888 debet
1052 815 1252 886 obtrudere.

301 1108 360 1176 22.
409 1099 467 1174 Dc
482 1099 689 1176 causac
705 1100 928 1175 meatuum
940 1098 1163 1200 pecualium.
1312 1121 1328 1178 5

215 1251 406 1326 Generalia
425 1252 584 1326 Concilia
607 1253 683 1325 sine
700 1253 804 1347 jussu
830 1261 868 1326 et
893 1251 1078 1324 voluntate
1099 1247 1304 1346 Principum

165 1369 370 1464 congregari
403 1391 475 1440 non
507 1379 676 1465 possunt:
716 1379 753 1442 ct
782 1365 844 1442 ubi
879 1369 1117 1451 convenerint,
1146 1368 1229 1460 quia
1257 1390 1305 1440 ex

164 1485 368 1557 hominibus
393 1493 557 1558 constant
581 1489 642 1581 qui
670 1510 743 1559 non
767 1509 889 1558 omncs
914 1485 1039 1579 spiritu
1064 1491 1102 1555 et
1131 1493 1152 1524 “
1165 1484 1304 1556 verbis'’

127 1673 130 1684 ,
165 1601 238 1674 Dei
266 1609 449 1698 regrmtun
474 1613 512 1675 et
536 1627 651 1676 enare
680 1612 827 1699 possunt
856 1611 895 1675 ct
923 1602 1103 1674 interdum
1131 1598 1304 1687 eninmt
1447 1601 1451 1608 '

165 1719 276 1792 etiam
300 1721 339 1791 in
362 1719 418 1792 his
441 1744 520 1815 quae
547 1722 593 1795 ad
622 1745 782 1794 normam
810 1720 953 1816 pietatis
981 1719 1188 1812 pertinent:
1222 1717 1304 1789 ideo
1315 1742 1349 1783 ιο

165 1859 245 1929 quar
272 1836 319 1908 ab
351 1835 422 1908 illis
454 1839 728 1922 constituuntur,
760 1845 803 1908 ut
836 1837 881 1908 ad
915 1834 1067 1908 salutem
1099 1833 1305 1917 neccssaria,

164 1973 283 2044 neque
313 1951 422 2024 robur
452 1952 586 2025 habent
617 1976 734 2048 neque
766 1953 1031 2034 authoritatem,
1064 1950 1132 2021 nisi
1167 1948 1306 2021 ostendi

164 2076 314 2162 possunt
330 2064 351 2140 ἒ
366 2070 473 2142 sacris
489 2069 601 2143 literis
617 2092 693 2142 esso
709 2070 907 2163 desumpta.

540 2361 600 2428 23.
650 2351 707 2428 Dc
718 2352 933 2452 pcryctorio.

216 2511 238 2542 ‘⁴
255 2501 577 2575 Scholastioorum”
603 2504 763 2576 doctrina
789 2502 835 2574 dc
861 2499 1081 2595 Purgatorio,
1107 2498 1152 2569 de
1182 2495 1349 2580 Indul-15

163 2621 306 2714 gcntiis,
323 2620 368 2692 dc
384 2622 611 2694 veneratione
631 2629 670 2692 et
688 2621 892 2694 adoratione
909 2625 987 2688 tum
1005 2615 1207 2708 Imaginum
1224 2620 1305 2684 tum

164 2735 402 2830 reliquiarum,
419 2760 486 2810 nec
505 2761 577 2809 non
603 2737 648 2809 de
679 2736 901 2808 invocatione
928 2739 1141 2814 sauctorum,
1168 2751 1225 2800 res
1250 2737 1306 2800 est

164 2852 289 2937 futilis,
313 2853 466 2925 inaniter
498 2855 658 2940 conficta,
697 2863 736 2924 et
774 2850 881 2923 nullis
907 2848 1169 2943 Scripturarum
1205 2845 1306 2916 testi-

165 2969 295 3041 moniis
309 2969 483 3055 innititur,
499 2971 609 3044 immo
628 2971 737 3043 verbo
755 2969 825 3041 Dci
846 2968 1050 3057 [perniciose]
1068 2963 1290 3037 contradicit.

301 3248 359 3316 24.
409 3243 519 3316 Nemo
534 3244 574 3316 ic
589 3243 745 3318 Ecclcuc
761 3243 932 3316 ministret
943 3241 1016 3313 uisi
1031 3247 1177 3313 vocatur.
1315 3270 1351 3311 ιο

218 3387 307 3459 Non
326 3389 412 3462 licet
433 3393 597 3484 cuiquam
620 3414 759 3466 sumere
782 3391 848 3464 sibi
871 3411 1000 3461 munus
1019 3385 1160 3481 publice
1183 3385 1307 3478 praedi-

167 3505 284 3588 candi,
316 3517 379 3577 aut
411 3509 676 3581 administrandi
710 3507 938 3580 Sacramenta
969 3505 1007 3576 in
1038 3501 1205 3585 Ecclesia,
1238 3501 1307 3571 nisi

166 3621 265 3714 prins
289 3623 396 3694 fircrit
415 3625 461 3695 ad
485 3624 560 3696 haec
582 3624 745 3698 obeunda
761 3624 921 3718 legitime
941 3629 1086 3693 vocatus
1108 3626 1147 3690 et
1168 3619 1306 3688 missus.

168 3732 294 3828 Atque
318 3737 398 3810 illos
422 3738 580 3834 legitime
597 3749 739 3813 vocatos
761 3748 799 3812 et
823 3739 947 3811 missos
972 3737 1174 3809 existimare
1200 3732 1308 3804 debc-

168 3871 259 3936 mus,
278 3855 340 3946 qui
364 3877 428 3948 per
451 3855 621 3941 homines,
638 3856 765 3951 quibus
786 3863 942 3949 potestas
959 3851 1107 3924 vocandi
1128 3850 1306 3920 ministros
1314 3869 1350 3928 ²5

168 3977 279 4061 atque
294 3971 459 4042 mittendi
478 3973 517 4042 in
533 3973 672 4045 vincam
690 3973 835 4044 Domini
858 3971 999 4066 publice
1016 3989 1181 4040 concessa
1197 3974 1253 4038 est
1269 3967 1307 4037 in

171 4083 341 4171 Ecclesia,
357 4089 513 4182 cooptati
529 4089 660 4161 fircrint
677 4097 715 4160 ct
731 4089 832 4162 asciti
848 4089 887 4159 in
902 4087 970 4159 hoc
987 4107 1085 4180 opus.

186 4401 247 4468 25.
297 4395 480 4495 Apertdcm
497 4405 546 4469 est
561 4398 601 4468 ic
616 4393 755 4470 ccclesia
767 4394 887 4494 linqua
903 4419 980 4491 quc
994 4393 1041 4466 sit
1051 4387 1182 4489 populo
1198 4397 1290 4462 cota.

220 4545 555 4622 “Decentissimum
580 4557 637 4621 est
662 4555 702 4621 et
723 4547 831 4618 verbo
856 4545 926 4617 Dei
952 4543 1108 4616 maximo
1133 4540 1306 4635 congruit,
