3128 4962
252 259 294 322 rs
650 255 783 324 naun
796 255 990 344 puae.
1350 253 1393 340 [1.

252 442 273 478 ‘⁶
290 440 337 506 ut·
348 433 436 506 nihil
459 433 497 504 in
515 431 675 505 Ecclesia
689 431 832 526 publice
848 430 987 527 legatur
1001 439 1065 504 aut
1082 430 1253 502 recitetur
1271 429 1393 525 lingua

252 549 420 644 “populo
450 551 580 644 ignota,
607 548 720 643 quue
747 546 879 622 Paulus
905 548 981 621 fieri
1008 548 1134 633 vetuit,
1159 548 1225 619 uisi
1251 547 1391 620 adesset

252 675 272 706 ‘⁶
289 667 349 759 qui
375 665 697 762 interpretaretur.”

612 939 671 1013 26.
713 938 771 1014 Dc
785 939 1030 1015 Sacramenta.

295 1084 469 1172 [Dominus
484 1097 591 1153 noster
605 1087 628 1155 J
629 1111 701 1154 esus
712 1089 882 1156 Cnnrsrus
897 1085 1106 1154 Sacramentis
1120 1105 1255 1152 numero
1267 1081 1416 1168 paucis-5

251 1187 348 1268 Simia
370 1189 538 1256 observatu
556 1191 726 1272 facillimis,
746 1191 975 1279 significatione
995 1187 1272 1275 praestantissimis,
1291 1185 1390 1252 socie-

249 1301 347 1356 tatem
374 1293 450 1358 novi
477 1295 590 1379 populi
619 1296 791 1382 colligavit,
819 1293 912 1361 sicuti
940 1305 989 1359 est
1018 1291 1199 1378 Baptismus
1228 1300 1262 1355 et
1289 1287 1392 1354 Coena

173 1475 176 1482 ,
252 1393 412 1482 Domini]
482 1399 504 1444 1
603 1401 625 1446 1
727 1401 750 1446 1

302 1500 531 1574 Sacramenta
542 1525 614 1574 non
629 1504 795 1575 instituta
806 1510 889 1574 sunt
902 1501 925 1573 ῑι
937 1501 1078 1574 Christo
1091 1507 1132 1571 ut
1149 1503 1392 1592 spectarentur

252 1625 315 1688 aut
332 1617 649 1704 circumferrentur,
670 1621 732 1692 sed
753 1628 795 1690 ut
815 1621 883 1691 rite
900 1619 971 1691 illis
987 1627 1191 1691 uteremur:
1218 1623 1256 1686 et
1276 1615 1314 1685 iu
1334 1612 1390 1684 his
1402 1641 1435 1681 ιο
1550 1693 1551 1716 3

251 1734 427 1806 duntaxat
440 1735 500 1828 qui
517 1736 624 1831 digus
640 1736 848 1830 percipiunt,
861 1733 1052 1806 salutarem
1066 1733 1200 1804 habent
1213 1729 1389 1812 effectum,

256 1845 367 1931 [idque
379 1871 445 1912 non
459 1870 501 1912 ex
516 1870 612 1933 opere
623 1849 675 1933 (ut
685 1848 816 1933 quidam
829 1846 1019 1934 loquuntur)
1035 1855 1175 1930 operato,
1190 1865 1262 1930 que
1277 1864 1341 1908 vox
1354 1851 1392 1906 ut

250 1951 420 2037 peregrina
429 1962 477 2016 est
485 1961 518 2016 et
526 1951 621 2018 sacris
629 1951 728 2017 literis
737 1951 858 2038 ignota,
868 1951 913 2016 sic
921 1950 1005 2035 parit
1013 1971 1140 2014 sensum
1149 1946 1278 2012 minime
1288 1945 1390 2029 pium,

249 2061 307 2126 sed
328 2060 500 2127 admodum
519 2062 773 2148 superstitiosum
784 2063 807 2148 :]
838 2059 898 2152 qui
923 2081 1006 2129 vero
1025 2056 1170 2151 indigne
1192 2051 1391 2148 percipiunt

251 2175 516 2248 damnationem
535 2180 592 2270 (ut
608 2176 724 2270 inquit
741 2173 887 2270 Paulus)
906 2174 972 2246 sibi
988 2173 1072 2267 ipsis
1088 2171 1285 2264 acquirunt.
1400 2199 1431 2256 ¹5

297 2288 513 2375 [Sacramenta
535 2289 775 2374 “perverbum
794 2288 860 2355 Dei
869 2291 889 2320 ''
911 2286 1064 2366 instituta,
1083 2306 1150 2350 non
1171 2294 1295 2348 tentum
1316 2291 1392 2346 sunt

250 2402 333 2456 notae
348 2391 549 2476 professionis
564 2391 829 2469 Christianorum,
843 2389 900 2455 sed
919 2399 1005 2455 certa
1018 2387 1164 2474 quedam
1182 2385 1288 2470 potius
1303 2383 1389 2449 testi·

250 2496 357 2560 monia
379 2506 412 2561 et
435 2493 571 2560 efficacia
594 2495 685 2582 signa
706 2495 815 2582 gratia
844 2505 939 2580 atque
964 2491 1056 2557 bonae
1077 2489 1113 2554 in
1137 2511 1195 2554 nos
1217 2485 1389 2554 voluntatis

250 2597 326 2676 Dei,
348 2620 406 2682 per
425 2621 496 2685 quae
521 2598 721 2664 invisibiliter
739 2598 808 2683 ipse
829 2598 865 2664 in
889 2595 981 2662 nobis
1003 2604 1164 2680 operatur,
1185 2603 1389 2678 nostramque

250 2697 396 2766 fidemin
410 2723 445 2766 se
458 2724 524 2766 non
538 2701 642 2766 solum
655 2701 783 2782 excitat,
796 2723 911 2770 verum
924 2697 1020 2766 etiam
1034 2695 1223 2784 confirmat]
1399 2711 1435 2752 ²0

294 2978 355 3052 27·
405 2973 655 3049 Ministrorum
672 2975 807 3050 madida
823 2999 892 3048 non
909 2971 997 3047 toltit
1013 2972 1189 3070 ffcuticm
1207 2969 1345 3042 institu-

645 3094 776 3167 tionum
792 3093 1000 3166 divinorum.

302 3238 473 3324 Quamvis
501 3239 540 3310 in
566 3239 715 3312 ecclesia
740 3238 879 3323 visibili,
905 3238 1007 3310 bonis
1035 3237 1120 3310 mali
1149 3237 1220 3309 sint
1249 3255 1389 3329 semper

252 3353 412 3440 admixti,
439 3364 547 3449 atque
573 3354 751 3427 interdum
780 3355 975 3427 ministerio
1003 3354 1101 3426 uerbi
1130 3361 1169 3426 et
1195 3371 1391 3426 sacramen·

253 3478 371 3542 torum
397 3471 690 3544 administrationi
717 3473 868 3566 praesint,
891 3480 1013 3544 tamen
1039 3495 1121 3544 cum
1145 3494 1217 3544 non
1241 3493 1305 3541 suo
1327 3469 1434 3558 sed25

252 3586 384 3658 Christi
412 3589 556 3659 nomine
585 3596 702 3684 agant,
731 3588 876 3682 ejusque
910 3588 1077 3659 mandato
1106 3594 1145 3660 et
1175 3586 1391 3658 authoritate

252 3703 462 3788 ministrent,
480 3703 620 3776 illorum
643 3706 838 3777 ministerio
854 3707 908 3777 uti
931 3705 1028 3791 licet,
1044 3729 1126 3777 cum
1142 3705 1181 3776 in
1195 3703 1302 3776 verbo
1319 3701 1390 3775 Dei

252 3820 437 3905 audiendo,
463 3829 541 3892 tum
570 3823 608 3893 in
634 3821 870 3894 sacramentis
896 3824 1150 3917 percipiendis:
1185 3845 1301 3915 neque
1326 3843 1392 3914 per

252 3933 394 4007 illorum
427 3938 600 4009 malitiam
630 3938 777 4010 effectus
805 3940 1049 4012 institutorum
1078 3939 1209 4012 Christi
1243 3937 1390 4020 tollitur,

252 4061 316 4122 aut
337 4055 451 4148 gratia
475 4053 648 4126 donorum
666 4053 735 4124 Dei
760 4055 933 4128 minuitur
953 4057 1068 4149 quoad
1090 4079 1160 4140 eos,
1177 4056 1239 4149 qui
1261 4054 1332 4126 fide
1353 4061 1435 4144 et3o

253 4167 320 4239 rste
353 4169 420 4240 sibi
454 4169 573 4242 oblata
605 4171 814 4264 percipiunt,
848 4197 926 4267 quoe
958 4185 1103 4268 propter
1130 4171 1391 4245 institutionem

253 4281 404 4356 Oumsrr
434 4293 471 4357 et
499 4288 764 4380 promissionem
793 4289 944 4362 efficatia
968 4299 1060 4375 sunt,
1086 4289 1171 4362 licet
1191 4312 1255 4384 per
1278 4287 1392 4362 malos

253 4400 551 4474 administrentur.

304 4515 366 4596 Ad
383 4516 550 4592 Ecclesia
571 4527 691 4594 tamen
714 4519 933 4616 disciplinam
955 4521 1120 4617 pertinet,
1145 4534 1187 4596 ut
1210 4523 1250 4596 iu
1274 4530 1295 4564 “
1308 4520 1392 4593 eos”
