3118 4968
245 201 288 264 so
639 195 772 261 rnen
785 189 982 278 umero.

248 373 305 446 De
322 374 453 445 Christi
468 371 666 445 nativitate.

248 489 305 561 De
323 490 497 562 dominica
512 491 681 583 passione.

248 605 306 677 De
321 607 575 678 resurreetione
591 602 748 675 Domini.

249 722 306 794 De
323 723 428 818 digua
444 723 597 816 eorporis
613 729 651 792 et
673 718 850 813 sanguinis
866 716 1031 788 dominini
1055 715 1093 785 in
1115 734 1216 785 coena
1235 708 1381 781 Domini

297 839 574 933 participatione.
1389 865 1408 926 5

249 956 306 1027 De
323 958 422 1028 donis
438 955 580 1048 spiritns
597 953 718 1023 saneti.

248 1075 294 1147 In
310 1074 433 1144 diebus
448 1072 509 1165 qui
525 1070 631 1163 vulgo
649 1068 888 1164 Rogationum
905 1067 992 1139 dieti
1008 1071 1102 1150 sunt,
1119 1063 1252 1136 oouoio.

250 1190 307 1260 Do
323 1187 536 1261 matrimonii
553 1193 659 1257 statu.

249 1304 307 1376 De
325 1307 397 1390 otio
414 1329 477 1378 seu
493 1300 660 1375 socordia.

250 1419 308 1493 De
323 1421 541 1515 poenitentia.
1396 1441 1430 1482 10

302 1653 460 1728 Libellus
476 1660 521 1732 do
537 1657 798 1731 consecratione
811 1649 1174 1742 Arohiepisooporum,
1187 1650 1226 1714 et
1241 1641 1386 1735 Episoo-

250 1792 386 1863 porum,
404 1781 441 1845 et
464 1775 508 1846 de
525 1777 742 1847 ordinatione
764 1769 1053 1862 Presbyterorum
1075 1772 1113 1835 et
1135 1761 1384 1842 Diauunorum,

252 1887 367 1958 editus
384 1911 495 1983 nuper
517 1892 734 1986 temporibus
750 1886 914 1961 Edwardi
931 1883 1000 1956 VI.
1018 1891 1055 1953 et
1074 1881 1284 1952 auctoritate
1302 1875 1387 1948 Par·

252 2003 398 2076 lomenti
415 2007 484 2079 illis
506 2010 590 2104 ipsis
607 2007 823 2102 temporibus
844 2001 1080 2081 confirmatus,
1097 1997 1215 2067 omnia
1234 1995 1278 2065 ad
1296 1994 1387 2086 ejus·

251 2124 349 2194 modi
366 2128 664 2199 consecrationem
681 2134 719 2197 et
735 2121 990 2196 ordinationem
1007 2111 1200 2186 neeessaria
1217 2111 1385 2192 eontinet,
1397 2128 1431 2188 ¹5

253 2247 291 2310 et
317 2239 405 2310 nibil
434 2241 553 2326 habet,
583 2241 678 2335 quod
707 2265 753 2312 ex
783 2262 820 2310 se
849 2237 895 2308 sit
922 2241 985 2305 aut
1015 2229 1295 2325 superstitiosum
1323 2233 1387 2296 sut

253 2356 421 2450 impium:
447 2359 567 2450 itaque
592 2359 792 2450 quicunque
810 2353 917 2446 juxta
940 2349 1028 2419 ritus
1052 2346 1146 2417 illius
1171 2344 1249 2415 libri
1267 2363 1388 2414 oouso-

253 2472 341 2542 oreti
366 2482 428 2542 aut
445 2474 595 2544 ordinati
620 2481 711 2556 sunt,
735 2472 780 2543 ab
805 2492 896 2540 anuo
919 2464 1071 2538 seeundo
1095 2461 1253 2557 praedicti
1279 2459 1388 2553 Regis

254 2586 429 2672 Edwardi,
454 2611 566 2682 usque
592 2588 636 2659 ad
661 2588 729 2658 hoo
754 2595 904 2678 tempus,
932 2591 994 2654 aut
1019 2581 1057 2652 in
1082 2587 1263 2672 posterum
1281 2577 1389 2669 juxta

253 2703 396 2773 eosdem
421 2704 509 2776 ritus
533 2703 839 2785 consecrabuntur,
865 2707 927 2770 aut
953 2695 1217 2780 ordinabuntur,
1240 2693 1309 2762 rite
1334 2713 1433 2762 or-uo

256 2813 347 2896 dine,
368 2822 475 2908 atque
500 2815 659 2912 legitime
683 2816 870 2890 statuimus
896 2833 981 2894 esse,
1007 2819 1045 2880 et
1070 2809 1145 2879 fore
1169 2813 1390 2878 consecratos

256 2937 294 3000 et
312 2930 499 3004 ordinatos.

560 3122 617 3195 De
634 3121 789 3196 ciuilibus
805 3114 1080 3218 Mupbtrutilus.

307 3271 419 3366 Regia
445 3271 615 3365 Majestas
640 3275 677 3345 in
701 3272 769 3344 hoo
794 3271 934 3366 Angliae
956 3291 1075 3364 regno,
1092 3290 1133 3338 ae
1159 3267 1294 3336 oaeteris
1315 3265 1391 3359 ejus

257 3389 430 3472 dominiis,
456 3411 630 3460 summam
654 3388 762 3460 habet
786 3393 1009 3481 potestatem,
1032 3384 1077 3456 ad
1102 3405 1207 3477 quam
1233 3381 1391 3452 omnium
1401 3399 1437 3461 ²5

257 3511 413 3575 statuum
430 3504 533 3597 hujus
555 3507 664 3601 regni,
682 3507 756 3577 sive
778 3504 830 3576 illi
848 3501 1085 3575 Eoolesiastioi
1108 3503 1190 3584 sint,
1213 3499 1286 3572 sire
1308 3520 1389 3580 non,

258 3621 295 3690 in
320 3620 481 3691 omnibus
506 3624 618 3694 oausis
643 3645 805 3716 suprema
828 3621 1035 3716 gubernatio
1056 3619 1220 3712 pertinet,
1241 3625 1279 3687 et
1302 3614 1393 3687 nulli

259 3743 414 3806 externae
425 3736 661 3828 jurisdictioni
678 3747 733 3810 est
750 3739 915 3831 subjecto,
933 3759 999 3808 neo
1016 3758 1092 3808 esse
1108 3734 1226 3806 debet.

310 3849 402 3922 Cum
418 3851 539 3947 Regia
563 3853 745 3947 Majestati
765 3876 937 3926 summam
962 3853 1252 3947 gubematiouem
1268 3850 1394 3923 tribui·

259 3989 349 4051 mus,
366 3967 493 4059 quibus
509 3971 623 4042 titulis
638 3971 868 4065 intelligimus
884 3971 1018 4042 animos
1030 3969 1249 4063 quorundam
1261 3967 1439 4042 calum-30

259 4083 436 4155 niatorum
462 4085 600 4170 offendi,
618 4111 689 4158 non
714 4088 837 4158 damus
861 4087 1018 4182 Regibus
1041 4086 1169 4158 nostris
1192 4093 1255 4157 aut
1280 4083 1394 4156 Verbi

261 4196 340 4282 Dei,
369 4208 431 4270 aut
458 4199 764 4274 Saommentorum
791 4203 1138 4285 administrationem,
1164 4202 1259 4295 qnod
1286 4203 1395 4272 etiam

261 4313 496 4405 injunctiones
524 4318 569 4389 ab
597 4317 803 4390 Eliuabetha
832 4319 969 4415 Regu'na
997 4327 1116 4390 nostra
1140 4340 1253 4411 nuper
1281 4316 1395 4398 editae,

262 4431 480 4524 apertissime
510 4443 706 4518 testantur;
748 4435 809 4505 sed
839 4457 917 4505 earu
947 4440 1088 4504 tautum
1120 4433 1396 4526 praerogativam,
