3140 4972
215 215 326 298 1604]
432 217 650 284 Comatam
664 217 732 281 aad
747 216 870 280 (lancae
884 215 1125 282 masmim.
1291 218 1356 281 208

213 391 367 484 spatimn
386 393 557 486 ,utrinque
578 392 789 487 pulsabitur,
802 392 901 484 quod
922 393 1019 464 idem
1040 401 1116 463 tam
1135 401 1229 475 ante,
1246 415 1354 486 quam

212 515 294 600 post
311 508 527 601 sepulturam
545 509 802 582 observandum
820 508 1050 580 decernimus.

213 754 398 830 LXVIII.
435 756 602 830 Misictri
626 755 839 855 baptismam,
865 766 924 829 aut
952 755 1160 854 sepulturam
1186 757 1352 856 dcaepare

728 875 833 946 uetiti.

263 1037 397 1110 Nullus
419 1040 580 1110 minister
602 1049 667 1110 aut
691 1048 826 1124 renuet,
852 1049 914 1111 aut
939 1039 1153 1113 detrectabit
1176 1039 1376 1118 iniantem5

212 1153 336 1236 ullum,
354 1157 415 1248 qui
440 1154 498 1226 die
522 1158 646 1248 quovis
671 1157 847 1227 dominico
870 1163 932 1227 aut
955 1156 1082 1227 festivo
1104 1157 1149 1226 ad
1175 1157 1290 1249 ipsum
1312 1157 1351 1226 in

212 1271 397 1343 ecclesiam
430 1273 661 1367 baptizandus
690 1274 895 1357 adducetur,
918 1274 1027 1368 juxta
1055 1274 1164 1343 ritum
1194 1274 1232 1343 in
1261 1272 1350 1343 libro

211 1405 355 1480 precum
389 1389 608 1483 publicarum
639 1390 775 1460 editum
807 1389 1008 1483 baptizare3
1050 1388 1108 1460 vel
1142 1389 1350 1459 defunctum

212 1500 375 1596 aliquem,
406 1507 467 1598 qui
499 1507 537 1576 in
566 1504 750 1578 ecclesiam
779 1505 836 1576 vel
866 1507 1108 1577 coemeterium
1142 1505 1350 1575 inhumandi

212 1642 318 1692 causa
345 1621 532 1704 deferetur,
559 1623 642 1693 data
666 1624 763 1716 prius
786 1622 861 1716 ejus
886 1623 937 1692 rei
963 1623 1089 1692 notitia
1114 1629 1395 1714 competentem

213 1737 279 1808 sub
311 1737 418 1808 modo
448 1746 486 1808 et
515 1738 628 1809 forma
655 1740 693 1808 in
727 1737 822 1808 dicto
856 1735 945 1808 libro
979 1738 1157 1830 prefinitis
1191 1737 1351 1830 sepelire.

214 1853 347 1938 Quodsi
373 1855 468 1926 buno
491 1854 548 1926 vel
573 1854 675 1926 illum
699 1855 888 1949 baptizare,
909 1862 972 1924 aut
995 1853 1187 1947 sepulturae
1212 1854 1351 1925 tradere

212 1972 425 2042 recusaverit
451 1968 532 2060 (nisi
558 1971 649 2042 forte
675 1971 863 2041 defimctus
888 1969 1121 2040 denunciatus
1145 1970 1253 2040 fuerit
1276 1991 1352 2038 ma-

206 2087 296 2179 joris
313 2088 688 2158 excommunicationis
704 2085 846 2158 vinculo
868 2094 1012 2180 propter
1027 2109 1133 2180 grave
1155 2085 1297 2178 aliquod
1314 2094 1352 2155 et

214 2202 351 2297 insigne
364 2203 496 2273 crimen
510 2203 711 2288 obstrictus,
721 2226 836 2295 neque
850 2203 895 2273 de
912 2202 987 2294 ejus
1003 2203 1212 2295 poenitentia
1229 2203 1351 2272 testari
1362 2231 1395 2290 ¹5

213 2319 397 2410 quisquam
421 2321 629 2413 potuerit)a
652 2319 847 2390 ministerio
871 2341 935 2389 suo
960 2342 1023 2411 per
1043 2319 1246 2411 episcopum
1267 2317 1353 2388 dioe-

214 2457 379 2506 cesanum
396 2436 565 2506 trimestri
582 2437 695 2530 spatio
712 2434 922 2508 secludetur.

259 2678 402 2752 LXIX.
444 2681 610 2754 Misictri
635 2679 837 2778 baptismam
863 2685 902 2754 ia
927 2681 1072 2756 articulo
1097 2683 1306 2756 necessitatis

653 2795 793 2894 sprewa
809 2799 915 2870 vetiti.

265 2961 305 3033 Si
334 2964 411 3054 quis
437 2965 597 3036 minister
625 2968 670 3038 de
699 2967 916 3049 infirmitate,
943 2973 1005 3036 aut
1034 2965 1157 3036 mortis
1186 2963 1352 3057 periculo,
1362 2997 1399 3043 ,ο

215 3078 342 3150 infanti
365 3079 511 3153 cuilibet
533 3084 625 3155 infra
647 3105 746 3154 suam
769 3081 970 3176 parochiam
994 3081 1152 3151 nondum
1176 3080 1354 3173 baptizato

215 3195 433 3280 imminente,
450 3199 570 3269 debite
587 3209 625 3272 et
641 3201 730 3270 citra
746 3199 904 3270 fraudem
926 3198 1236 3281 commonefactus,
1255 3207 1293 3268 et
1310 3199 1354 3269 ad

216 3309 344 3397 locum,
373 3315 435 3384 ubi
463 3315 577 3387 dictus
606 3317 721 3388 infans
746 3318 886 3400 existet,
917 3317 993 3408 ejus
1020 3315 1220 3408 baptizandi
1251 3339 1356 3386 causa

216 3437 358 3522 rogatus
387 3432 564 3514 accedere,
590 3433 647 3503 vel
677 3433 781 3526 plane
810 3432 1034 3514 recusaverit,
1060 3409 1116 3502 vel
1142 3455 1205 3524 per
1230 3438 1356 3501 contu-

216 3547 376 3631 maciem,
395 3556 458 3618 aut
482 3548 592 3620 latam
618 3549 870 3644 negligentiam
896 3549 1114 3642 tempus-ita
1139 3548 1354 3640 produxerit,
1364 3577 1399 3636 ²5

216 3672 258 3730 ut
286 3685 367 3732 oum
393 3667 604 3757 tempestive
630 3675 748 3758 posset
773 3666 909 3737 dictum
936 3665 1053 3736 locum
1080 3663 1214 3747 adiisse,
1239 3673 1276 3735 et
1303 3665 1357 3734 in-

216 3776 350 3847 fantem
374 3779 558 3871 praefatum
580 3782 785 3876 baptizasse,
803 3783 832 3853 is
856 3791 978 3852 tamen
995 3780 1153 3874 ejusdem
1175 3780 1278 3872 culpa
1295 3803 1357 3849 ex-

215 3915 295 3986 pers
311 3895 476 3987 baptismi
493 3899 683 3982 moriatur3
709 3899 825 3970 dietus
845 3897 1006 3968 minister
1023 3897 1190 3968 trimestri
1214 3917 1360 3988 suspen-

217 4011 305 4080 sioni
328 4011 534 4104 subjacebit,
552 4037 667 4106 neque
690 4015 920 4086 absolutionis
940 4015 1090 4108 gratiam
1114 4019 1357 4103 consequetur,

216 4133 406 4218 antequam
428 4150 545 4198 coram
569 4128 637 4200 loci
658 4130 832 4201 ordinario
854 4130 994 4224 culpam
1015 4130 1228 4223 praeteritam
1251 4151 1401 4223 agno-30

217 4265 326 4327 scens,
349 4268 413 4337 pro
438 4253 564 4316 caetero
590 4245 808 4338 polliceatur,
834 4269 871 4318 se
896 4247 934 4317 in
959 4246 1025 4316 hoc
1052 4267 1182 4339 genere
1207 4243 1359 4314 scienter

217 4381 437 4452 nequaquam
471 4371 710 4454 peccaturum.
776 4363 920 4435 Proviso
955 4385 1103 4455 semper,
1137 4369 1179 4431 ut
1212 4362 1250 4430 in
1287 4360 1359 4432 illis

217 4476 400 4566 parochiis,
431 4477 468 4546 in
502 4477 629 4568 quibus
662 4487 813 4564 curatus,
845 4489 907 4550 eut
941 4478 1153 4550 substitutus
1185 4477 1357 4561 extiterit,
