3118 4968
159 185 258 273 ius]
566 186 705 252 Aaou
719 184 926 274 usuum.
1244 187 1288 254 ir

155 355 322 426 ministros
355 357 562 448 inquiratur,
594 365 874 448 accusanturque
907 353 953 427 ab
981 353 1047 440 his,
1073 355 1133 448 qui
1164 377 1286 426 eorum

156 468 280 565 flagitia
295 471 469 554 noverint,
486 479 594 566 atque
611 473 756 544 tandem
773 473 873 566 justo
896 472 1049 544 convicti
1068 471 1204 566 judicio
1227 472 1288 546 de-

154 595 331 678 ponantur.

586 813 644 888 Dc
659 811 853 913 Baptismu

198 981 401 1077 Baptismus
432 1009 504 1058 non
544 995 598 1058 est
631 996 773 1060 tuntum
804 984 1028 1080 professionis
1061 985 1212 1080 signum,
1245 1001 1312 1062 ac5

153 1098 355 1173 discriminis
377 1111 472 1187 nota,
495 1124 565 1195 qvia
584 1101 774 1174 Christiani
796 1125 818 1174 a
840 1124 912 1172 non
928 1099 1137 1174 Christianis
1159 1103 1288 1174 discer-

152 1222 289 1301 nantur,
313 1217 376 1288 sed
400 1218 508 1288 etiam
534 1226 590 1289 est
615 1219 756 1313 signum
784 1217 1068 1312 regenerationis,
1093 1239 1157 1310 per
1183 1217 1287 1310 quod,

151 1338 316 1423 tanquam
347 1355 411 1426 per
443 1333 729 1419 instrumentum,
762 1341 859 1404 recte
890 1331 1115 1426 Baptismum
1144 1334 1289 1427 suscipi·

151 1441 279 1530 entes‘l
301 1446 469 1520 Ecclesia
490 1451 713 1534 inseruntur;
742 1449 989 1543 promissiones
1014 1447 1059 1519 de
1084 1448 1288 1520 remissione

150 1571 386 1653 pcccatorum,
403 1572 511 1658 atque
528 1565 717 1659 adoptione
732 1572 852 1634 nostra
867 1564 903 1632 in
920 1562 1011 1634 filios
1035 1561 1104 1633 Dei
1128 1585 1192 1656 per
1209 1561 1332 1656 spi-10

150 1679 254 1748 iitnni
278 1687 440 1750 sanctum
457 1678 642 1750 visibiliter
661 1678 909 1773 obsignantur;
933 1677 1021 1750 fides
1041 1679 1288 1766 confirmatum

150 1806 185 1868 et
200 1800 235 1868 vi
252 1799 380 1872 divinae
396 1800 628 1872 invocationis
644 1799 759 1894 gratia
775 1806 934 1893 nugetur.

195 1913 402 2009 Baptismus
423 1915 649 2010 parvuloivim
670 1915 813 1986 omnino
834 1914 872 1984 in
899 1911 1060 1985 Ecclesia
1083 1913 1289 1984 retinendus

148 2038 211 2115 est,
228 2039 271 2103 iit
290 2033 351 2125 qui
368 2055 450 2104 cuni
467 2032 599 2106 Christi
615 2031 839 2103 institutione
856 2031 991 2124 optime
1007 2037 1187 2124 congruat.

539 2297 597 2372 De
615 2298 723 2375 Ooeuu
735 2297 893 2372 Domini.
1298 2324 1330 2383 15

194 2447 310 2520 Coeria
325 2447 471 2520 Domini
491 2471 563 2520 non
584 2457 639 2522 est
655 2457 796 2521 tuntum
818 2449 958 2543 signum
977 2455 1115 2520 mutuae
1135 2445 1288 2520 benevo-

148 2563 263 2636 lentiae
287 2563 565 2637 Christianorum
586 2565 680 2636 inter
701 2587 787 2648 sese,
804 2587 927 2636 verum
945 2563 1064 2659 potius
1085 2572 1140 2635 est
1163 2562 1287 2635 Sacra-

147 2689 311 2754 mentum
327 2689 454 2753 nostrae
470 2704 534 2775 per
548 2689 701 2753 mortem
719 2680 850 2754 Christi
867 2681 1129 2775 redemptionis.
1163 2679 1287 2774 Atque

147 2793 244 2877 adeo,
270 2795 351 2878 rite,
376 2795 492 2889 digne,
518 2802 556 2866 et
585 2817 668 2866 cum
692 2794 764 2866 fido
792 2796 1024 2879 sumentibus,
1051 2795 1151 2888 panis
1181 2817 1285 2886 quem

147 2909 343 3006 frangimus
372 2919 427 2982 est
456 2912 729 2983 communicatio
756 2912 909 3005 corporis
938 2910 1091 2984 Christi:
1127 2909 1332 2990 similiter„

146 3027 315 3119 poculum
331 3027 585 3099 benedictionis
601 3035 657 3099 est
668 3027 941 3100 communicatio
957 3025 1135 3122 sanguinis
1145 3024 1287 3096 Christi.

148 3141 254 3214 Panis
279 3152 320 3214 et
345 3143 418 3214 viiii
440 3144 768 3217 transubstantiatio
793 3145 831 3216 in
856 3143 1079 3216 Eucharistia
1106 3166 1153 3216 ex
1182 3143 1288 3218 sacris

147 3256 258 3332 literis
288 3259 428 3354 probari
457 3282 529 3330 non
556 3269 686 3354 potest,
711 3263 774 3333 sed
798 3261 929 3354 apertis
956 3259 1145 3352 Scripturas
1174 3259 1289 3330 verbis

147 3377 362 3460 adversatur,
385 3373 603 3447 Sacramenti
625 3385 786 3449 naturam
810 3377 948 3460 evertit,
965 3385 1003 3446 et
1022 3373 1216 3448 multarum
1233 3398 1290 3446 su-

147 3495 396 3588 perstitionum
413 3493 512 3564 dedit
528 3494 757 3565 occasionem.
1298 3523 1333 3584 ²5

195 3609 337 3703 Corpus
353 3607 485 3680 Christi
499 3609 612 3691 datur,
624 3609 803 3702 accipitur,
821 3618 859 3681 et
874 3611 1108 3682 manducatur
1120 3609 1159 3680 in
1169 3608 1289 3694 Coena,

148 3735 291 3798 tanturn
306 3722 442 3798 coelesti
459 3731 497 3795 et
517 3724 688 3818 spirituali
708 3727 865 3798 rationes
889 3726 1047 3798 medium
1067 3733 1198 3808 autem,
1218 3747 1289 3817 quo

148 3865 274 3937 corpus
301 3839 432 3914 Christi
460 3842 631 3934 accipitur
659 3849 697 3911 et
723 3841 957 3916 manducatur
986 3842 1024 3912 in
1053 3841 1174 3925 Coena,
1203 3841 1291 3912 fides

149 3973 212 4032 est·
776 3972 780 3979 ,

197 4075 471 4148 Sacramentum
496 4075 725 4148 Eucharistiae
747 4099 793 4148 ex
818 4075 1042 4148 institutione
1062 4073 1194 4146 Christi
1218 4097 1333 4166 non30

149 4193 366 4276 servabatur,
383 4190 704 4278 circumferebatur,
720 4190 938 4276 elevabatur,
954 4215 1021 4264 nec
1038 4191 1258 4263 adorabatur.

271 4447 289 4496 d
303 4459 322 4483 “
331 4449 541 4528 suspiciente?
555 4451 585 4508 in
599 4451 648 4508 the
662 4449 792 4528 original,
806 4451 859 4508 biit
872 4447 980 4507 altered
993 4447 1090 4525 hythe
1102 4465 1169 4523 pen·
