3118 4968
639 212 998 302 sampsaeos.

643 489 701 561 De
717 499 861 594 udaque
876 491 995 585 specte

293 641 397 714 Calix
415 639 562 713 Domini
580 640 678 712 laicis
694 665 767 713 non
783 651 838 712 est
854 642 1103 736 denegandum
1128 649 1280 736 utroque
1292 643 1388 713 eninr

243 781 323 851 pars
340 757 519 830 Dominioi
539 758 771 845 Sacramenti,
789 780 835 828 ex
852 757 984 829 Christi
1007 757 1232 830 institutione
1249 767 1286 828 et
1302 780 1390 851 prae-

244 882 358 968 copto,
376 874 540 946 omnibus
556 873 767 945 Christianis
784 897 830 944 ex
850 896 950 966 aequo
967 874 1202 946 administrari
1218 873 1337 945 debet.

391 1139 449 1212 Dc
461 1141 564 1210 urtica
579 1137 715 1214 Christi
728 1137 946 1211 oblationem
960 1163 1059 1212 eruce
1069 1137 1236 1237 perfecto.
1396 1158 1416 1217 5
1554 1121 1555 1132 ἵ

292 1291 439 1365 Oblatio
469 1291 602 1364 Christi
632 1289 743 1362 semel
770 1290 874 1376 facts,
903 1291 1062 1384 perfecto
1094 1299 1149 1363 est
1177 1291 1388 1384 redemptio,

241 1408 456 1502 propitiatio,
491 1417 528 1480 et
563 1407 755 1479 satisfactio
787 1430 851 1501 pro
889 1408 1053 1481 omnibus
1088 1409 1243 1502 peccatis
1277 1410 1388 1482 totius

241 1525 377 1609 mundi,
394 1533 469 1595 tam
494 1524 730 1619 originalibus,
747 1547 855 1618 quem
875 1524 1095 1598 actualibusz
1122 1549 1238 1619 neque
1260 1535 1388 1620 praeter

241 1643 341 1715 illem
366 1644 506 1715 unicum
532 1651 587 1714 est
611 1641 686 1714 ulla
710 1641 780 1714 ulio
807 1665 872 1735 pro
901 1642 1057 1736 peccetis
1082 1643 1261 1736 expiatio:
1292 1644 1388 1715 unde

241 1760 427 1831 missarum
457 1759 635 1842 sacrificio,
663 1758 792 1852 quibus
818 1757 927 1854 vulgo
955 1758 1141 1830 dicebatur
1167 1759 1387 1832 sacerdotem
1398 1781 1434 1822 ιο

242 1875 367 1946 offerre
394 1875 578 1947 Christum
607 1875 645 1944 in
674 1873 917 1944 remissionem
946 1895 1059 1966 poenae
1088 1881 1152 1944 aut
1181 1873 1294 1967 culpoe
1321 1896 1387 1967 pro

242 1993 330 2064 vivis
347 2000 385 2063 et
402 1991 588 2076 defirnctis,
605 1988 811 2084 blaspheme
826 1989 999 2084 figmenta
1015 1998 1108 2074 sunt,
1126 1997 1165 2062 et
1184 1990 1388 2084 perniciosor

241 2108 458 2202 imposturae.

567 2319 624 2394 De
641 2319 811 2420 Cocyupt'o
826 2319 1062 2396 Sacerdotem.

291 2474 483 2570 Episcopis,
511 2471 741 2568 Presbyteris,
766 2479 805 2543 et
828 2469 997 2544 Dioconis
1020 2471 1119 2544 nullo
1143 2471 1311 2544 mnndoto
1333 2471 1432 2546 di-15

242 2590 324 2662 vino
348 2597 564 2684 praeoeptum
593 2595 659 2672 est,
684 2595 727 2660 ut
754 2596 819 2660 out
845 2586 1051 2659 ooelibctum
1081 2597 1243 2672 voveant,
1272 2597 1336 2660 cut
1363 2611 1386 2660 o

240 2705 466 2780 matrimonio
482 2705 693 2777 obstineant.
729 2703 833 2775 Licet
848 2704 958 2798 igitur
974 2705 1083 2775 etiem
1096 2703 1175 2789 illis,
1187 2713 1230 2775 ut
1247 2705 1385 2776 ceteris

241 2824 405 2897 omnibus
433 2823 651 2907 Christianis,
677 2819 740 2892 ubi
767 2820 836 2891 hoc
863 2819 910 2892 ed
935 2819 1107 2913 pietatem
1130 2821 1244 2916 magis
1268 2821 1385 2892 fucere

233 2942 483 3037 judicaverint,
500 2963 564 3036 pro
580 2962 645 3012 suo
661 2936 834 3010 nrbitrctu
849 2937 1115 3010 matrimonium
1132 2938 1349 3011 contrahere.

528 3194 831 3270 Eccommum'enti
849 3195 983 3270 uitandi
1002 3205 1091 3268 suut.
1394 3217 1431 3259 ιο
1527 3267 1532 3276 ,

291 3350 363 3436 Qui
395 3373 460 3444 per
491 3348 671 3444 publicum
704 3347 873 3421 Ecclesiae
904 3347 1212 3418 denunciationem
1241 3347 1309 3420 rite
1337 3346 1384 3420 ob

240 3467 378 3537 unitate
398 3463 567 3537 Ecclesiae
594 3464 756 3559 praecisns
780 3471 896 3536 estet
923 3464 1262 3550 excommunicatus,
1285 3465 1315 3537 is
1337 3465 1384 3538 ob

240 3585 403 3654 universo
435 3581 594 3654 fidelium
626 3581 857 3653 multitudine
890 3581 1002 3652 donoc
1040 3602 1105 3672 per
1137 3581 1384 3675 poenitentium

239 3699 381 3793 publico
405 3696 652 3770 reconciliatus
677 3697 785 3769 fuerit
813 3697 958 3769 arbitrio
981 3695 1113 3790 judicis
1137 3699 1383 3792 competentis,

238 3815 678 3906 habendusesttunquom
694 3812 857 3884 ethnicus
873 3822 912 3883 et
929 3810 1147 3907 publicanus.
1392 3855 1428 3916 ,5

559 4059 780 4135 Traditioccc
796 4059 1057 4134 Eccleoiuoticoe.

288 4229 507 4302 'inditiones
539 4239 647 4324 atque
681 4230 908 4304 oaeremonies
945 4227 1096 4310 eusdem,
1131 4250 1204 4299 non
1236 4229 1380 4299 omnino

238 4345 471 4418 necessarium
488 4355 543 4419 est
559 4369 636 4419 esse
648 4345 780 4440 ubique
795 4354 858 4419 cut
874 4365 1015 4439 prorsus
1027 4343 1237 4416 consimiles.
1282 4343 1381 4416 Nom

238 4473 279 4537 ut
295 4462 398 4536 vcriae
414 4484 553 4558 semper
564 4464 719 4549 fuerunt,
732 4472 771 4535 et
786 4463 916 4535 mutari
933 4469 1092 4554 possunt,
1105 4484 1170 4555 pro
1185 4462 1379 4557 regionum,
