3118 4968
167 241 271 325 ψ]
551 237 685 305 Aaou
699 239 892 325 aarum.
1259 235 1302 304 rs

162 417 268 486 etiam
290 415 327 486 in
343 417 475 488 renatis
494 416 568 488 heo
591 424 728 488 naturae
745 415 960 509 deprauntio.
1012 412 1093 498 Qua
1112 412 1164 495 fit,
1188 418 1228 481 vt
1249 410 1303 481 af·

162 531 273 602 fectus
290 533 403 603 carnis
425 531 532 604 Greci
549 531 706 628 Φρόνημα
728 530 859 628 σαρκός,
877 531 986 624 (quod
1003 529 1062 622 alij
1081 527 1299 623 sapientiam,

161 647 216 740 slij
246 671 399 732 sensum,
424 648 483 742 clij
513 650 692 731 affectum,
721 649 779 741 alij
804 648 963 719 studium
987 648 1100 718 earnis
1128 646 1300 738 interpre-

161 767 303 858 tantur,)
329 763 400 858 legi
425 763 494 836 Dei
518 787 590 836 non
612 765 827 858 subijciatur.
870 763 920 834 Et
945 786 1145 856 quanquam
1167 762 1299 832 renatis

161 889 196 950 et
220 882 455 966 credentibus,
478 880 576 952 nulla
598 889 741 975 propter
764 878 945 951 Christum
963 888 1017 950 est
1040 879 1324 962 condemnatio,5

160 999 294 1088 peccati
311 1006 432 1068 tamen
454 999 492 1068 in
513 1019 588 1070 sese
612 999 786 1069 rationem
811 996 942 1068 habere
967 997 1298 1091 concupiscentium,

160 1113 289 1184 fatetur
305 1113 497 1208 apostolus.

504 1363 562 1428 10.
613 1354 670 1428 De
686 1354 792 1428 libero
808 1352 964 1426 arbitrie.

205 1503 260 1576 Ea
289 1515 345 1578 est
373 1506 525 1577 hominis
557 1515 638 1599 post
666 1505 803 1600 lapsum
829 1501 924 1574 Adae
955 1501 1121 1585 conditio,
1152 1508 1192 1570 vt
1221 1521 1298 1572 sese

158 1622 374 1694 naturalibus
399 1625 471 1694 suis
496 1622 637 1705 viribus,
661 1631 699 1694 et
723 1622 825 1693 bonis
845 1620 1018 1714 operibus,
1043 1619 1089 1689 ad
1118 1617 1236 1702 fidem,
1259 1625 1342 1689 et1o

158 1739 418 1811 inuocationem
448 1739 518 1811 Dei
547 1749 764 1822 conuertere,
790 1761 832 1809 ec
858 1758 1054 1830 praeparare
1078 1757 1150 1805 non
1175 1733 1296 1827 possit.

159 1854 273 1938 Quare
290 1857 424 1948 absque
439 1857 552 1952 gratia
569 1855 639 1926 Dei
657 1855 749 1947 (quse
765 1877 829 1947 per
846 1852 1027 1924 Christum
1044 1854 1113 1942 est)
1131 1871 1195 1920 nos
1212 1872 1299 1943 prae·

157 1973 332 2055 ueniente,
363 1981 403 2042 vt
432 1971 591 2054 velimus,
622 1980 660 2042 et
684 1978 905 2063 cooperante,
932 1968 1018 2038 dum
1048 1966 1221 2050 volumus,
1251 1966 1297 2037 ed

157 2089 295 2179 pietatis
318 2111 427 2181 opera
448 2087 616 2171 facienda,
634 2111 712 2180 quae
735 2085 815 2158 Deo
839 2093 941 2182 grata
964 2093 1057 2168 sunt,
1081 2091 1120 2156 et
1140 2092 1297 2176 accepta,

156 2203 241 2274 nihil
257 2203 430 2276 valemus.
1308 2217 1341 2277 15

415 2434 474 2500 11.
522 2426 579 2500 Dc
595 2425 745 2500 hominis
762 2424 1012 2520 iustificatione.

202 2576 364 2648 Tantum
381 2587 524 2671 propter
539 2581 706 2650 meritum
729 2577 885 2661 Domini,
903 2601 944 2649 ac
962 2575 1160 2648 Seruatoris
1185 2575 1297 2646 nostri

158 2692 237 2765 Iesu
266 2695 411 2777 Christi,
440 2696 649 2789 perfidem,
680 2720 752 2767 non
779 2705 926 2788 propter
954 2715 1071 2786 opera,
1100 2700 1139 2762 et
1167 2694 1296 2763 merita

157 2820 280 2894 nostra,
298 2813 385 2882 iusti
402 2835 520 2884 coram
537 2812 617 2884 Deo
640 2822 854 2907 reputamur.
906 2810 1024 2896 Quare
1048 2810 1122 2881 sola
1139 2811 1209 2881 fide
1231 2833 1297 2884 nos

157 2929 344 3012 iustificari,
361 2930 522 3000 doctrina
546 2938 601 3000 ost
626 2928 861 3012 saluberrima,
888 2951 929 2998 ao
950 2926 1197 2998 consolationis
1221 2925 1340 3020 ple-20

157 3044 305 3129 nissims,
332 3053 373 3115 vt
401 3046 439 3114 in
467 3044 614 3116 homilia
643 3045 687 3118 de
716 3044 965 3118 iustificatione
993 3043 1155 3128 hominis,
1185 3043 1297 3115 fusius

158 3161 363 3254 explicatur.
440 3227 442 3232 .

495 3365 554 3431 la.
603 3357 774 3432 Deionis
791 3357 958 3455 operibus.

203 3508 306 3581 Bona
331 3532 448 3603 opera,
465 3533 546 3602 quae
572 3520 654 3581 sunt
679 3509 815 3581 fructus
840 3509 933 3594 fidei,
951 3515 989 3580 et
1014 3507 1220 3578 iustificatos
1243 3523 1297 3577 se-

155 3636 322 3718 quuntur,
356 3627 558 3721 quanquam
590 3637 738 3721 peecata
768 3635 890 3698 nostra
923 3624 1076 3719 expiare,
1109 3632 1148 3694 et
1185 3623 1296 3694 diuini
1305 3649 1340 3708 ²5

158 3742 272 3838 iudicij
292 3745 522 3816 seueritatem
545 3743 636 3815 ferre
659 3768 732 3815 non
756 3753 925 3837 possunt:
953 3740 1032 3813 Deo
1052 3751 1174 3813 tamen
1196 3749 1298 3836 grata

158 3865 246 3943 sunt,
263 3877 302 3931 et
328 3869 474 3953 accepta
498 3862 536 3930 in
561 3857 717 3943 Christo,
734 3868 842 3952 atque
868 3883 913 3931 ex
938 3882 1021 3930 vera
1046 3868 1084 3929 et
1109 3859 1192 3927 viua
1216 3856 1295 3938 fide,

157 3979 349 4050 necessario
379 3977 571 4072 profluunt,
598 3987 637 4048 vt
661 3975 764 4070 plane
790 3999 835 4048 ex
861 3976 940 4060 illis,
970 3972 1068 4068 aque
1099 3973 1186 4044 fides
1214 3972 1297 4042 viua

159 4095 319 4190 cognosci
335 4094 456 4188 possit,
474 4102 582 4187 atque
599 4093 702 4166 arbor
718 4117 764 4165 ex
781 4093 900 4164 fructu
916 4093 1072 4163 indicari.

356 4347 416 4414 1³.
466 4339 530 4414 De
545 4340 702 4438 operitve
719 4349 797 4413 ante
811 4338 1095 4435 testificationem.
1303 4384 1340 4440 ³0

206 4493 325 4589 Opera
345 4517 424 4588 quae
445 4493 547 4579 fiunt,
564 4501 648 4568 ante
669 4495 820 4590 gratiam
843 4491 984 4576 Christi,
1002 4499 1041 4563 et
1061 4491 1203 4585 spiritus
1219 4492 1296 4564 eius
