3118 4968
244 228 289 290 ao
644 222 777 289 Aaou
790 221 983 308 quum.
1333 213 1386 298 [V·

244 399 412 485 afflatum,
430 423 512 472 cum
529 424 575 472 ex
598 399 669 471 fide
690 401 715 470 J
716 421 779 470 esu
795 398 926 471 Christi
947 419 1020 468 non
1041 395 1222 490 prodeant,
1239 389 1388 461 minime

246 516 325 589 Deo
354 526 455 611 grata
484 526 576 600 sunt,
610 540 726 608 neque
759 516 908 615 gratiam
940 513 995 608 (vt
1029 511 1133 583 multi
1163 510 1307 601 vocant)
1342 507 1388 577 de

245 629 402 728 congruo
419 641 609 706 merentur.
641 631 757 702 Immo
768 655 850 704 cunr
862 655 935 702 non
951 632 1023 702 sint
1035 629 1139 712 iacta,
1157 635 1197 698 vt
1210 625 1310 696 Deus
1326 623 1388 694 illa

245 750 321 819 fieri
350 748 472 833 voluit,
504 757 543 819 et
573 749 749 842 proecepit,
778 748 916 842 peccati
945 748 1118 818 rationem
1151 744 1282 815 habere
1315 765 1387 813 non

248 865 462 937 dubitamus.

485 1094 543 1160 14.
594 1087 650 1161 De
667 1086 824 1184 operibus
839 1087 1159 1186 supererogationis.

297 1237 416 1332 Opera
449 1261 526 1331 quae
560 1239 875 1332 supererogationis
907 1236 1097 1330 appellent,
1131 1258 1203 1305 non
1241 1243 1388 1326 possunt

248 1357 323 1428 sine
334 1355 541 1448 arrogantia,
554 1362 593 1424 et
603 1355 785 1447 impietate
797 1355 987 1446 predicari.
1017 1351 1115 1423 Nam
1127 1350 1196 1422 illis
1209 1350 1390 1422 declarant

247 1473 417 1554 homines,
435 1495 506 1543 non
529 1480 669 1542 tentum
692 1494 729 1542 se
750 1469 830 1541 Deo
852 1470 1009 1554 reddere,
1026 1491 1105 1561 quae
1127 1475 1303 1551 tenentur,
1324 1470 1389 1539 sed

248 1589 327 1682 plus
349 1590 483 1661 ineius
504 1590 654 1683 gratiam
679 1588 805 1671 iacere,
824 1586 932 1680 quim
953 1587 1133 1668 deberent,
1163 1607 1245 1655 cum
1267 1582 1389 1678 aperte
1401 1611 1433 1650 10

249 1707 410 1788 Christus
427 1708 542 1778 dicat:
560 1705 652 1778 Cum
669 1705 823 1778 feceritis
846 1703 964 1775 omnia
980 1723 1197 1796 quaecunque
1213 1709 1391 1795 praeoepta

249 1832 331 1894 sunt
348 1823 456 1907 vobis,
474 1823 591 1907 dicite,
604 1823 698 1894 serui
715 1820 858 1891 inutiles
876 1841 1006 1890 sumus.

400 2079 458 2146 15.
507 2071 564 2144 Dc
581 2071 733 2155 Christo,
752 2072 813 2167 qui
828 2068 919 2143 solus
936 2081 985 2142 est
1000 2071 1076 2142 siae
1086 2077 1234 2166 peccato.

300 2221 470 2305 Christus,
494 2221 532 2290 in
553 2229 681 2291 nostrae
705 2229 839 2291 naturae
863 2219 1022 2302 veritate,
1039 2240 1102 2311 per
1125 2218 1245 2288 omnia
1267 2215 1391 2288 similis

250 2339 364 2410 iactus
397 2347 452 2410 est
485 2338 597 2420 nobis,
624 2346 775 2431 excepto
802 2344 959 2430 peccato,
995 2358 1016 2406 a
1045 2357 1115 2428 quo
1143 2354 1284 2426 prorsus
1313 2339 1433 2414 erat15

250 2457 426 2538 immunis,
444 2464 520 2525 tum
543 2457 579 2524 in
596 2479 712 2538 carne,
729 2463 808 2525 tum
830 2454 867 2523 in
888 2453 1023 2546 spiritu.
1075 2450 1188 2523 Venit
1205 2457 1244 2520 vt
1267 2471 1389 2544 agnus,

250 2575 381 2664 absque
414 2571 563 2655 macula,
593 2572 654 2665 qui
684 2573 807 2642 mundi
840 2578 987 2663 peccata
1018 2591 1081 2662 per
1109 2565 1390 2637 immolationem

251 2689 304 2760 sui
347 2688 457 2759 semel
495 2689 635 2772 factam,
678 2687 829 2770 tolleret,
877 2696 915 2757 et
955 2694 1142 2778 peecatum
1182 2681 1237 2774 (vt
1275 2684 1391 2776 inquit

251 2804 442 2899 Iohannes)
456 2806 493 2874 in
510 2827 553 2876 eo
566 2828 638 2876 non
655 2811 749 2876 erat:
781 2802 843 2874 sed
859 2825 924 2872 nos
941 2801 1065 2894 reliqui
1083 2801 1191 2872 etiam
1208 2799 1391 2892 baptizati,

252 2928 290 2991 et
322 2921 357 2990 in
388 2919 530 2992 Christo
564 2921 769 3016 regenerati,
800 2920 838 2989 in
871 2918 994 2989 multis
1027 2926 1148 2988 tamen
1181 2915 1392 2988 offendimus
1401 2940 1436 2979 20

252 3059 385 3108 omnes.
416 3036 466 3108 Et
482 3039 512 3108 si
525 3038 729 3124 dixerimus,
741 3037 824 3130 quia
840 3045 1025 3130 peecatum
1042 3058 1115 3106 non
1130 3033 1310 3117 habemus,
1327 3056 1393 3104 nos

252 3154 345 3246 ipsos
362 3154 571 3239 seducimus,
589 3162 627 3225 et
644 3155 772 3224 veritas
790 3153 826 3224 in
843 3153 943 3224 nobis
960 3159 1112 3223 nonest.

496 3405 555 3478 16.
608 3403 663 3477 Dc
673 3415 812 3501 peccato
822 3413 903 3501 post
919 3401 1149 3498 Baptismum.

304 3551 390 3623 Non
415 3576 520 3624 omne
545 3563 730 3647 peccatum
755 3551 904 3624 mortale
930 3561 1010 3646 post
1026 3551 1250 3646 Baptismum
1268 3548 1392 3619 volun·

256 3666 344 3739 tarie
360 3679 611 3762 perpetratum,
632 3680 687 3741 est
707 3677 893 3763 peecatum
916 3669 953 3738 in
971 3666 1143 3762 Spiritum
1164 3675 1335 3750 sanctum,
1354 3674 1435 3747 et25

254 3779 500 3856 irremissibile.
537 3784 690 3858 Proinde
707 3785 812 3879 lapsis
829 3809 850 3856 a
866 3785 1050 3878 Baptismo
1067 3786 1104 3855 in
1121 3791 1276 3878 peccata,
1294 3783 1393 3854 locus

254 3901 470 3994 poenitentiae
500 3924 571 3972 non
600 3911 655 3974 est
688 3902 878 3996 negandus,
905 3910 986 3994 post
1015 3909 1201 3994 acceptum
1230 3901 1392 3993 spiritum

254 4027 417 4088 sanctum
434 4041 620 4112 possumus
637 4041 658 4088 a
674 4018 788 4113 gratia
805 4017 888 4088 data
903 4019 1079 4101 recedere,
1102 4027 1208 4110 atque
1225 4039 1391 4110 peceare:

232 4219 236 4228 Ι
255 4133 441 4226 denuoque
458 4135 686 4230 pergratiam
704 4132 773 4205 Dei
791 4157 981 4229 resurgere,
998 4157 1040 4206 ac
1057 4135 1279 4228 resipiscere:
1298 4134 1394 4204 ideo·

255 4271 324 4342 que
341 4248 393 4319 illi
406 4251 594 4321 damnandi
608 4259 700 4335 sunt,
712 4252 772 4344 qui
790 4274 828 4322 se
841 4251 1011 4345 quamdiu
1027 4251 1086 4322 hic
1097 4253 1228 4334 viuant,
1241 4250 1437 4345 ampliusso

254 4387 326 4435 non
342 4388 444 4458 posse
457 4390 602 4460 peccare
615 4367 800 4450 affirmant,
812 4377 873 4438 aut
887 4364 968 4438 vere
981 4368 1272 4461 resipiscentibus,
1282 4368 1393 4438 veniae

256 4481 373 4553 locum
392 4485 580 4580 denegant.
