3118 4968
247 213 291 278 84
641 217 775 284 Aaou
787 217 983 304 aaran.
1279 275 1280 280 Ν
1331 209 1391 296 [r.

297 388 527 462 Sacramenta
558 415 631 464 non
661 394 698 464 in
725 393 793 466 hoc
822 395 988 466 instituta
1016 400 1100 465 sunt
1128 415 1151 462 a
1178 390 1320 461 Christo
1350 395 1391 456 vt

246 515 501 600 spectarentur,
525 517 588 579 aut
615 509 938 595 circumferrentur,
957 510 1019 580 sed
1037 517 1076 579 vt
1097 505 1164 581 rite
1188 505 1257 577 illis
1274 513 1390 576 stere-

246 643 336 706 mur,
354 631 392 694 et
412 625 450 694 in
473 623 541 717 hijs
559 626 735 697 duntaxat
756 627 817 718 qui
843 623 949 720 digne
974 624 1174 720 percipiunt
1199 623 1389 694 salutarem

246 740 380 812 habent
405 741 594 813 effectum:
635 742 706 828 Qui
733 738 817 814 verd
842 741 986 838 indigne
1010 740 1220 836 percipiunt,
1246 740 1392 810 damna·

246 859 382 929 tionem
400 859 456 947 (vt
472 859 588 952 inquit
605 857 752 955 Paulus)
770 860 938 954 sibiipsis
955 858 1153 952 acquirunt.
1398 875 1417 934 5

259 1127 319 1201 26.
369 1129 427 1202 De
443 1131 479 1204 vi
496 1132 751 1206 institutionum
767 1131 980 1214 diuinarum,
998 1129 1091 1226 qaod
1105 1153 1180 1201 eom
1197 1149 1266 1199 oon
1284 1122 1380 1196 tollat

609 1249 745 1322 matitia
761 1247 1023 1322 Ministrooum.

298 1421 471 1507 Quamuis
499 1423 537 1494 in
564 1423 714 1495 ecclesia
735 1420 874 1504 risibili,
900 1419 1003 1491 bonis
1025 1418 1110 1490 mali
1140 1439 1279 1509 semper
1307 1421 1393 1485 sunt

246 1539 407 1624 admixti,
435 1548 543 1632 atque
569 1540 750 1611 interdum
778 1537 974 1607 ministerio
1002 1535 1111 1618 verbi,
1136 1542 1173 1606 et
1196 1552 1393 1604 sacramen-

246 1662 365 1726 torum
392 1655 687 1727 administrationi
713 1655 865 1749 praesint,
888 1661 1114 1724 tamencum
1135 1673 1206 1722 non
1230 1671 1305 1732 suo,
1328 1649 1391 1718 scd
1402 1677 1438 1716 10

207 1795 210 1802 ·
245 1769 378 1846 Christi
407 1774 550 1844 nominc
580 1781 697 1868 agant,
727 1769 872 1863 eiusque
906 1770 1086 1851 mandato,
1109 1776 1148 1838 et
1174 1765 1391 1837 authoritate

245 1889 457 1973 ministrent,
475 1888 616 1961 illorum
639 1889 834 1960 ministerio
852 1888 903 1958 vti
927 1887 1023 1971 licet,
1041 1909 1123 1958 cum
1140 1886 1179 1955 in
1195 1883 1302 1955 verbo
1320 1880 1391 1952 Dei

246 2005 431 2090 audiendo,
458 2015 536 2077 tum
562 2009 599 2077 in
624 2009 852 2078 sacramentis
878 2005 1121 2099 percipiendis.
1174 1999 1305 2093 Neque
1328 2023 1393 2094 per

246 2121 388 2193 illorum
418 2122 603 2209 malitiam,
634 2123 781 2195 effectus
810 2124 1055 2194 institutorum
1081 2120 1214 2192 Christi
1243 2118 1390 2200 tollitur,

247 2245 310 2309 aut
330 2241 445 2333 gratia
470 2239 642 2310 donorum
660 2239 730 2310 Dei
756 2240 938 2321 minuitur,
956 2237 1072 2332 quoad
1094 2236 1232 2329 eosqui
1255 2235 1335 2318 fide,
1353 2243 1435 2321 et15

246 2353 314 2426 rite
347 2354 413 2426 sibi
448 2355 567 2427 oblata
600 2356 809 2450 percipiunt,
844 2379 922 2450 quse
955 2365 1100 2450 propter
1129 2353 1392 2425 institutionem

247 2468 389 2552 Christi,
420 2479 458 2542 et
485 2473 752 2565 promissionem
782 2473 933 2546 efficatia
958 2481 1051 2557 sunt,
1077 2471 1163 2543 licet
1187 2493 1252 2564 per
1278 2469 1391 2541 malos

247 2588 546 2659 administrentur.
1541 2669 1542 2682 χ

298 2701 360 2772 Ad
386 2702 543 2775 ecclesiae
570 2712 691 2776 tamen
716 2705 936 2799 disciplinam
958 2704 1123 2798 pertinet,
1150 2715 1190 2775 rt
1215 2703 1253 2772 in
1278 2701 1391 2774 malos
1418 2741 1420 2748 ·
1541 2683 1542 2688 ¹

247 2821 425 2893 ministros
455 2821 659 2913 inquiratur,
689 2829 970 2914 accusanturque
1000 2821 1046 2892 ab
1079 2820 1146 2904 his,
1176 2820 1237 2912 qui
1266 2841 1436 2892 eorumne

247 2937 381 3032 flagitia
419 2937 594 3020 noueriut,
624 2947 732 3031 atque
765 2939 911 3009 tandem
941 2937 1036 3007 iusto
1071 2935 1227 3007 conuicti
1260 2935 1392 3006 iudicio

247 3053 479 3148 deponantur.

631 3257 690 3330 at.
740 3251 799 3325 De
814 3251 1007 3350 Baptismo.

297 3428 500 3522 Baptismus
533 3451 605 3500 non
638 3437 693 3499 est
727 3436 869 3500 tantum
902 3427 1127 3523 professionis
1161 3427 1312 3520 signum,
1347 3447 1390 3494 ac
1541 3495 1542 3512 ,

247 3544 455 3617 discriminis
472 3553 566 3628 nota,
590 3567 661 3637 qua
677 3542 866 3616 Christiani
889 3568 911 3616 a
933 3569 1005 3616 non
1030 3543 1239 3615 Christianis
1262 3542 1434 3630 discor-25
1541 3597 1542 3648 ἰ

246 3671 386 3746 uantur,
412 3662 474 3734 sed
500 3663 609 3733 etiam
638 3669 693 3732 est
718 3662 858 3756 signum
880 3661 1166 3756 regenerationis,
1192 3681 1257 3752 per
1283 3656 1389 3750 quod,

247 3787 416 3871 tanquam
429 3801 493 3872 per
504 3779 791 3859 instrumentum,
801 3774 898 3849 recte
911 3776 1135 3870 Baptismum
1149 3776 1389 3868 suscipientes,

247 3894 404 3968 ccclesias
428 3895 639 3977 inseruntur,
656 3892 903 3987 promissiones
926 3895 971 3964 ds
998 3893 1202 3964 remissione
1227 3898 1391 3986 peccato·

247 4034 336 4096 rum,
363 4019 470 4104 atque
495 4011 685 4105 adoptione
710 4017 830 4082 nostra
857 4011 896 4080 in
922 4010 1013 4082 filios
1030 4009 1101 4080 Dei
1126 4031 1190 4104 per
1215 4007 1390 4103 Spiritum

247 4137 409 4200 sanctmn
432 4126 617 4199 visibiliter
641 4125 880 4219 obsignantur,
906 4127 994 4197 fides
1024 4125 1261 4209 confirmatur,
1290 4133 1329 4196 et
1353 4124 1436 4208 viso

248 4247 376 4317 diuinoe
392 4244 625 4316 inuocationis
641 4243 756 4339 gratia
772 4251 932 4337 augetur.

297 4363 502 4458 Baptismus
527 4361 754 4457 pamulorum
781 4343 925 4432 omnino
950 4362 988 4430 in
1010 4359 1160 4432 ecclesia
1183 4358 1391 4429 retinendus

248 4487 313 4566 est,
330 4489 369 4552 vt
385 4479 447 4573 qui
464 4502 547 4551 cum
563 4477 696 4551 Christi
713 4477 939 4551 institutione
956 4475 1091 4572 optime
1107 4484 1289 4572 congruat.
