3140 4972
267 233 332 299 asc
483 205 703 303 cassasset
717 231 785 297 aas
798 231 923 298 cam
937 225 1176 298 mammes.
1340 219 1399 310 [r.

268 410 456 495 charitatis,
486 433 593 505 quam
621 411 709 481 recti
734 407 912 501 regiminis
936 403 1217 500 presumendum
1241 400 1298 484 sit,
1329 421 1400 484 eos,

145 587 149 597 ,
268 528 433 620 quioquid
458 525 585 598 bacin
611 551 650 598 re
675 526 832 604 fecerint,
857 545 928 593 non
953 522 1025 593 odii
1053 529 1116 592 aut
1144 515 1401 589 malevolentia

269 666 382 728 causa,
398 644 460 715 sed
477 642 559 715 fidei
575 665 646 714 sua
661 641 849 714 liberandos
864 639 1076 711 conscientia
1092 636 1226 708 fecisse.

269 908 408 981 CXVI.
433 908 615 983 OEconomi
631 910 678 982 od
697 907 795 982 binus
812 916 941 980 tontum
964 901 1139 1004 detependi
1161 903 1249 976 cicer
1268 924 1402 974 abaco·

713 1026 774 1098 tim
792 1033 955 1098 tenentur.
1303 1036 1305 1040 ·
1407 1019 1425 1078 ⁵

319 1173 463 1246 Nullius
484 1175 658 1270 parochiae
679 1177 861 1260 oeconomi,
883 1174 940 1245 vel
959 1172 1189 1266 inquisitores,
1207 1169 1279 1242 sive
1302 1171 1402 1240 assis-

268 1299 394 1376 tentes,
417 1294 664 1376 accusationes,
681 1302 743 1364 aut
767 1291 983 1364 detectiones
1005 1313 1084 1362 suas
1101 1297 1272 1383 cogentur
1287 1286 1401 1380 judici

268 1409 419 1500 cuipiam
449 1409 683 1482 ecclesiastico
717 1419 928 1504 praesentare
957 1409 1091 1502 sapius,
1120 1428 1226 1501 quam
1255 1405 1401 1500 singulis

268 1525 367 1595 annis
395 1524 514 1609 semel,
541 1528 578 1597 in
607 1527 649 1597 iis
678 1529 801 1621 utique
830 1527 925 1610 locis,
954 1524 1016 1596 ubi
1045 1546 1117 1594 non
1146 1527 1401 1594 consuevenmt

267 1639 385 1733 plures
410 1641 580 1727 exhiberi,
605 1651 667 1714 aut
689 1644 744 1714 bis
768 1644 805 1713 in
832 1643 971 1714 dioecesi
997 1640 1053 1713 vel
1076 1640 1154 1711 loco
1180 1655 1444 1732 quocunque,¹0

267 1757 334 1827 nisi
350 1757 388 1826 in
404 1758 556 1851 episcopi
574 1759 784 1830 visitatione.
819 1757 888 1830 Pro
905 1757 1031 1851 quibus
1047 1755 1219 1851 parochia
1232 1756 1402 1848 cujusque

267 1875 592 1966 praesentationibus
614 1877 831 1970 registrarius
847 1873 1037 1968 cujuslibet
1057 1873 1171 1955 ouria,
1188 1872 1226 1943 in
1246 1895 1317 1965 qua
1339 1893 1401 1942 ex·

267 1989 420 2060 hibenda
445 1997 538 2076 sunt,
562 2013 665 2084 supra
689 2000 840 2085 quatuor
864 1991 1023 2061 denarios
1047 1991 1085 2060 in
1110 2012 1183 2060 uno
1212 2012 1304 2060 anno
1330 2010 1402 2059 non

266 2106 424 2198 recipiet,
445 2106 510 2177 sub
535 2129 639 2199 poena
660 2115 848 2179 menstrua
870 2107 1104 2199 suspensionis
1128 2128 1149 2178 a
1171 2105 1326 2178 muneris
1348 2105 1402 2177 sui

267 2221 435 2292 exercitio
452 2245 515 2315 pro
538 2222 683 2317 singulis
705 2223 876 2316 ejusmodi
900 2223 1048 2294 delictis.
1099 2222 1243 2294 Proviso
1264 2245 1402 2317 semper
1412 2233 1444 2293 1⁵

267 2337 417 2409 liberum
441 2339 515 2409 fore
539 2340 664 2432 cuique
686 2341 855 2424 ministro,
873 2340 1072 2421 oeconomis,
1089 2347 1128 2410 et
1150 2340 1401 2423 assistentibus,

267 2455 404 2549 quoties
421 2463 459 2525 et
475 2455 614 2548 quando
637 2454 814 2528 ridebitur
834 2479 897 2549 pro
920 2479 1102 2528 causarum
1123 2456 1325 2527 conditione
1342 2456 1403 2527 de-

267 2570 466 2664 linquentes
496 2570 631 2642 deferre
660 2579 698 2643 et
727 2593 912 2656 accusare;
947 2571 1177 2666 similiterque
1205 2573 1315 2644 cuivis
1344 2573 1403 2666 pie

267 2687 404 2769 affecto,
423 2686 479 2758 vel
496 2689 604 2756 etiam
615 2688 727 2780 judici
745 2687 890 2758 cuilibet
903 2687 1147 2772 ecclesiastico,
1160 2711 1265 2783 super
1275 2689 1405 2759 notitia

267 2802 334 2874 sibi
359 2802 454 2873 facta
478 2803 523 2875 de
548 2805 681 2874 enormi
707 2803 824 2898 aliquo
839 2806 986 2877 crimine
1010 2805 1100 2876 infra
1122 2828 1221 2878 suam
1240 2807 1446 2899 jusseio-20

267 2921 399 2990 tionem
423 2929 634 3015 perpetrato,
657 2921 868 3006 ministrum,
890 2943 1099 3003 oeconomos,
1117 2930 1180 2992 aut
1200 2923 1402 2994 assistentes

267 3037 389 3109 licebit
405 3037 603 3122 admonere,
621 3047 795 3131 quatenus
807 3038 953 3134 gloriam
972 3037 1040 3110 Dei
1057 3039 1258 3132 respiciunt,
1276 3045 1314 3110 et
1326 3061 1403 3110 cor-

267 3155 459 3224 rectionem
481 3155 628 3247 peccati,
645 3164 686 3226 ut
706 3155 779 3227 tale
804 3155 935 3226 crimen
956 3153 1097 3247 publice
1120 3155 1300 3250 detegant,
1317 3155 1402 3225 dum

267 3278 389 3340 tamen
405 3271 540 3364 justam
565 3272 640 3366 ejus
666 3271 854 3367 detegendi
880 3294 1020 3343 causam
1042 3271 1249 3354 invenerint,
1267 3280 1309 3342 ut
1333 3271 1402 3343 ista

267 3387 403 3458 ratione
428 3393 566 3458 mature
592 3389 708 3481 puniri
730 3412 771 3461 ao
796 3389 921 3483 corrigi
944 3389 1064 3481 possit.
1116 3387 1261 3460 Proviso
1284 3369 1447 3473 etianl‚²5

266 3509 309 3571 ut
330 3525 392 3595 pro
418 3503 617 3594 spontaneis
639 3503 734 3574 hisce
756 3503 1082 3597 praesentationibus
1103 3503 1241 3576 nullum
1258 3503 1404 3576 feodum

268 3626 330 3688 aut
347 3615 511 3689 suarium
527 3617 592 3691 sub
608 3642 712 3712 poena
728 3619 893 3712 predicta
909 3619 1107 3712 recipiatur.

268 3865 429 3940 CXVII.
456 3865 648 3951 OEeonomi,
665 3864 755 3939 binis
772 3867 946 3967 detcpcndi
957 3868 1085 3942 vicibus
1097 3867 1204 3942 debite
1213 3866 1403 3966 perfuncti,

461 4007 530 4055 noo
547 3992 626 4056 suat
642 3983 684 4056 de
698 3983 831 4081 reliquo
848 3987 886 4058 ire
904 3988 1036 4060 moriam
1052 3985 1206 4060 somnos.

319 4142 450 4214 Nullus
479 4142 636 4215 ecelesiae
660 4167 872 4228 oeconomus,
898 4153 960 4216 aut
989 4145 1183 4238 inquisitor,
1206 4145 1279 4217 sire
1304 4145 1449 4220 assis-so

267 4269 347 4331 tens
370 4259 415 4330 ad
431 4260 704 4352 comparendum
721 4285 838 4333 coram
860 4261 1095 4334 ecclesiastico
1110 4261 1233 4354 judice
1249 4282 1406 4354 quocun·

268 4398 337 4467 que
354 4383 455 4446 extra
472 4385 612 4468 tempus
635 4377 691 4448 vel
711 4385 873 4470 tempora
893 4377 1089 4469 praestituta
1107 4377 1286 4462 citabitur,
1310 4375 1404 4470 quod

268 4489 437 4564 delictum
466 4489 607 4582 aliquod
631 4493 668 4568 in
692 4515 756 4564 sua
781 4494 943 4587 parochia
969 4494 1204 4578 commissum,
1229 4501 1268 4567 et
1292 4491 1404 4566 ecole-
