3118 4968
154 213 259 298 rus]
550 209 682 278 aare
693 209 887 297 graffio.
1243 212 1286 281 se

148 395 361 482 temporum,
384 393 422 459 et
443 407 584 459 morum
605 387 817 470 dvernute,
833 385 940 458 modo
959 385 1049 458 nihil
1071 391 1194 458 contra
1208 407 1285 458 rer-

148 503 238 576 bum
253 503 324 576 Dei
339 505 556 576 instituatur.

198 618 428 704 Traditioues‚
461 629 500 692 et
531 621 754 692 ceremonias
782 616 1055 702 Esalesiasticas,
1088 639 1169 710 quae
1200 639 1284 690 cum

148 735 259 806 verbo
282 735 351 806 Dei
374 759 445 808 non
466 747 635 831 pugnant,
651 745 691 807 et
710 745 794 807 sunt
811 736 1002 807 autoritate
1022 734 1164 828 publica
1185 734 1285 806 insti·

147 858 239 922 tutae
263 860 369 945 atquc
393 852 558 946 probata,
583 853 738 946 quisquis
761 855 897 947 privato
920 851 1065 924 consilio
1090 851 1220 936 volens,
1246 861 1310 934 ets

148 967 235 1038 data
258 991 374 1062 opera,
398 969 540 1062 publice
565 968 821 1055 violaveritis,
839 971 965 1064 utqui
989 977 1114 1063 peccat
1137 970 1175 1040 in
1196 969 1286 1063 pub-

148 1083 260 1156 licum
276 1085 434 1156 ordinem
451 1083 627 1170 Etr-alesia,
644 1087 774 1181 quique
790 1087 887 1159 ladit
905 1086 1133 1159 autoritatem
1151 1085 1286 1180 Magis-

148 1205 273 1282 tratus,
297 1204 335 1268 et
360 1199 421 1291 qui
445 1197 663 1268 infirmorum
688 1199 837 1271 fratrum
858 1201 1088 1272 conscientias
1112 1199 1284 1283 vulnerat,

147 1313 301 1408 publice,
318 1322 361 1384 ut
376 1315 494 1385 ceteri
510 1315 670 1399 timeant,
686 1315 885 1410 arguendus
901 1325 966 1388 est.

199 1429 378 1513 Quaelibet
411 1429 570 1502 Ecclesia
602 1431 830 1524 particularis,
859 1433 933 1504 sive
961 1431 1157 1517 nationalis,
1185 1439 1328 1503 auto-10

148 1545 293 1616 ritatem
314 1546 425 1618 habet
445 1547 663 1630 instituendi,
684 1549 855 1631 mutandi,
878 1555 941 1620 aut
963 1548 1154 1643 abrogandi
1178 1571 1287 1620 caere·

147 1661 294 1745 maniae,
308 1671 371 1733 aut
387 1663 475 1733 ritus
488 1661 761 1747 Ecclesiasticus,
774 1663 928 1736 humana
938 1672 1079 1736 tantum
1095 1665 1286 1736 autoritate

147 1777 343 1866 institutos,
359 1779 467 1850 modo
483 1779 602 1850 omnia
617 1779 662 1850 ad
679 1779 945 1852 edificationem
961 1779 1058 1852 fiant.

197 2009 331 2082 Tomus
355 2011 529 2082 secundus
553 2009 786 2093 homiliarum,
809 2033 959 2104 quarum
983 2011 1137 2107 singulos
1161 2010 1286 2083 titulos

147 2126 232 2198 huic
260 2127 409 2199 articulo
439 2128 697 2223 subjunximus,
722 2129 882 2200 continet
909 2127 1004 2221 piam
1030 2137 1068 2198 et
1097 2127 1285 2199 salutarem
1295 2142 1329 2202 ¹5

148 2243 358 2328 doctrinam,
390 2253 428 2316 et
459 2244 515 2316 his
543 2245 760 2337 temporibus
791 2247 1031 2328 necessariam,
1064 2267 1136 2316 non
1168 2245 1285 2314 minus

147 2383 257 2453 quarn
281 2362 376 2454 prior
391 2369 510 2432 tomus
530 2359 765 2444 homiliarum,
791 2384 870 2454 quae
893 2361 997 2432 editae
1021 2369 1105 2433 sunt
1126 2368 1286 2453 tempore

148 2477 314 2549 Edwardi
344 2477 458 2550 Sexti.
510 2477 638 2571 Itaque
666 2499 725 2549 eas
753 2478 791 2547 in
822 2476 989 2547 Ecclesiis
1017 2500 1081 2570 per
1107 2477 1286 2547 ministros

149 2593 338 2690 diligenter
354 2602 392 2665 et
408 2593 511 2678 clare,
527 2603 570 2665 ut
585 2619 607 2665 a
622 2592 753 2688 populo
766 2592 916 2688 intelligi
932 2594 1076 2686 possint,
1088 2593 1286 2666 recitandas

148 2734 226 2784 esee
236 2712 484 2806 judicavimus
1293 2723 1328 2764 ²0

501 2908 683 3009 coaequo
699 2906 932 2981 homiliarum.

149 3061 208 3132 De
225 3069 323 3132 recto
341 3059 495 3132 ecclesiae
511 3083 587 3131 usu.

147 3175 334 3249 Adversus
351 3175 567 3248 Idololatriae
583 3175 748 3270 pericula.

148 3291 208 3364 De
224 3293 424 3386 reparandis
440 3317 482 3364 ac
497 3294 685 3388 purgandis
702 3291 868 3364 eeclesiis.

147 3407 208 3480 De
223 3409 326 3480 bonis
342 3409 516 3502 operibus.

148 3524 208 3597 De
218 3525 367 3618 jejunio.

148 3641 195 3712 In
211 3641 304 3736 gulae
321 3653 428 3734 atque
444 3639 625 3711 ebrietatis
642 3643 737 3713 vitia.

148 3757 195 3828 In
211 3757 316 3827 nimis
333 3764 556 3849 sumptuosos
572 3758 724 3828 vestium
741 3764 938 3850 apparatus.

149 3871 208 3944 De
225 3873 383 3944 oratione
399 3873 473 3943 sive
490 3873 702 3965 precatione.

148 3987 208 4060 De
225 3989 303 4060 loco
320 3997 358 4059 et
374 3997 534 4082 tempore
551 3989 699 4061 orationi
716 3988 908 4060 destinatis.

148 4103 208 4176 De
237 4104 387 4198 publicis
419 4105 581 4198 precibus
610 4128 651 4176 ac
685 4103 919 4176 Sacramentis
951 4103 1118 4176 idiomate
1147 4101 1283 4196 vulgari

199 4221 432 4317 omnibusque
448 4231 534 4294 noto
550 4221 729 4294 habendis.

148 4335 208 4410 De
223 4347 446 4410 mesonma
460 4339 558 4411 verbi
576 4337 684 4410 divim
701 4339 921 4410 sustentate.

149 4453 208 4533 De
224 4453 448 4528 eleemosina

710 4589 729 4630 a
