3140 4972
218 183 285 248 202
450 184 668 250 Constitutione
682 185 749 248 aad
766 185 888 249 Oenone
902 183 1144 258 &clamitat
1302 183 1360 270 [Vt

218 356 407 450 cujuslibet
436 360 544 430 curiae
573 360 820 432 ecclesiasticae
848 361 894 431 de
919 362 1107 454 praemissis
1132 359 1296 432 omnibus
1321 367 1360 432 et

219 474 375 568 singulis,
394 475 552 568 quolibet
569 500 661 548 anno
685 477 776 547 infra
792 477 882 550 festa
903 477 939 549 S.
960 477 1159 561 Michaelis,
1177 484 1215 548 et
1231 475 1358 548 natalis

219 587 375 673 Domini,
389 592 689 686 archiepiscopum
701 593 806 686 hujus
819 594 1007 686 provinciae
1020 593 1057 664 in
1074 595 1213 687 scriptis
1226 593 1358 664 facient

219 707 417 779 certiorem.

269 952 411 1032 LXVI.
473 955 722 1030 &maeotium
749 960 924 1031 conversio
953 983 975 1030 a
998 959 1170 1031 ministris
1194 956 1310 1030 scdulo
1367 992 1383 1046 5

677 1073 892 1146 elaborando.

270 1220 431 1304 Quilibet
448 1223 616 1304 minister,
634 1223 692 1293 cui
709 1224 938 1294 concionandi
955 1225 1106 1296 facultas
1122 1234 1187 1309 est,
1205 1226 1234 1296 si
1251 1247 1359 1317 quem

218 1339 428 1432 papisticum
455 1337 686 1423 recusantem,
711 1340 767 1411 vel
794 1351 995 1413 recusantes
1019 1342 1110 1413 infra
1134 1364 1234 1414 suam
1259 1365 1360 1434 paro·

219 1455 337 1526 chiam
361 1455 535 1538 habuerit,
561 1456 753 1527 dummodo
778 1479 842 1550 per
864 1459 1069 1552 episcopum
1094 1459 1241 1531 idoneus
1262 1459 1360 1551 judi-

219 1579 331 1655 cetur,
361 1570 521 1643 sedulam
550 1571 619 1643 illis
649 1573 796 1644 subinde
827 1597 969 1666 operam
1004 1575 1112 1658 dabit,
1141 1583 1193 1658 ut,
1224 1577 1252 1646 si
1283 1575 1358 1645 fieri
1370 1605 1405 1643 10

218 1691 337 1782 possit,
355 1699 511 1760 errantes
534 1691 571 1760 in
592 1690 686 1762 viam
707 1691 865 1762 veritatis
886 1691 1041 1762 reducat.
1094 1691 1229 1775 Quodsi
1251 1693 1282 1762 is
1302 1689 1360 1761 rel

219 1829 291 1878 non
308 1808 543 1890 concionator,
561 1806 617 1877 vel
640 1831 712 1878 non
735 1806 816 1879 talis
839 1808 979 1891 existat,
1003 1815 1080 1878 tum
1104 1808 1359 1879 concionatoris

219 1923 338 1994 idonei
371 1945 514 2016 operam
548 1924 800 2006 subsidiariam,
831 1924 1003 2015 siquidem
1033 1923 1175 2017 poterit,
1204 1925 1242 1994 in
1275 1945 1359 1995 eum

219 2037 328 2108 finem
357 2038 569 2131 procurabit.
621 2038 755 2122 Quodsi
786 2062 857 2109 non
891 2039 1004 2122 datur,
1039 2041 1202 2131 episcopo
1232 2038 1361 2109 dioece-

219 2177 305 2227 sano
327 2154 414 2226 illud
440 2155 660 2249 significabit,
679 2157 779 2248 cujus
798 2157 865 2225 erit
887 2179 959 2225 non
981 2155 1087 2226 modo
1113 2155 1228 2226 vicino
1254 2154 1403 2233 alicui15

220 2272 457 2342 concionatori
474 2280 537 2342 aut
559 2272 863 2344 concionatoribus
880 2273 917 2343 id
937 2271 1066 2344 laboris
1086 2273 1279 2366 imponere,
1296 2273 1359 2343 sed

220 2396 258 2459 et
298 2390 413 2482 ipsum
448 2387 633 2481 (quantum
667 2412 731 2482 per
765 2391 889 2460 arduas
923 2390 1171 2482 occupationes
1205 2388 1358 2482 licuerit)

219 2527 357 2577 summo
375 2505 492 2576 studio
516 2506 738 2588 contendere,
756 2513 798 2575 ut
822 2505 990 2587 docendo,
1008 2505 1262 2598 persuadendo,
1283 2528 1359 2574 mo-

220 2624 342 2714 disque
360 2621 497 2692 blandis
514 2630 552 2692 et
568 2621 729 2716 benignis
747 2621 909 2691 omnibus
923 2628 1001 2691 tum
1014 2623 1128 2692 dictos
1145 2629 1358 2704 recusantes,
1405 2699 1410 2706 ,

219 2747 297 2808 tum
316 2760 439 2808 omnes
464 2738 554 2808 inim
579 2759 678 2808 suam
704 2739 869 2809 dioecesin
893 2739 943 2808 sic
967 2737 1112 2809 affectos
1135 2761 1157 2808 a
1179 2739 1250 2809 suis
1266 2761 1405 2808 erro-20

219 2854 316 2926 ribus
334 2854 497 2926 deducat.

299 3121 462 3196 LXVII.
500 3119 723 3219 AEprotontes
740 3143 761 3191 o
779 3121 949 3192 ministris
965 3119 1081 3193 scdulo
1098 3120 1274 3194 visitandi.

270 3272 314 3343 In
332 3274 427 3343 omni
444 3272 608 3365 parochia
625 3295 707 3342 cum
730 3270 854 3364 aliquis
871 3295 918 3342 ex
938 3272 1061 3343 morbo
1079 3272 1304 3354 decumbens,
1315 3271 1359 3340 in

219 3388 376 3481 periculo
405 3389 528 3459 mortis
560 3388 701 3458 videtur
730 3390 952 3471 constitutus,
983 3389 1143 3459 minister
1175 3411 1217 3458 ea
1246 3388 1291 3457 de
1320 3411 1358 3457 re

219 3505 348 3574 certior
373 3505 487 3574 factus
512 3505 665 3574 eundem
690 3505 856 3586 visitabit,
882 3505 949 3575 nisi
974 3504 1197 3597 exploratum
1224 3504 1279 3585 sit,
1301 3501 1401 3575 velas

219 3620 447 3714 probabiliter
480 3631 696 3713 suspectum,
730 3621 893 3692 morbum
924 3643 1000 3692 osse
1034 3621 1287 3714 contagiosum,
1317 3627 1363 3690 ut,

219 3739 373 3808 animam
391 3737 466 3830 ejus
483 3737 520 3806 in
537 3735 604 3806 hoc
623 3737 769 3806 adverso
787 3737 895 3829 ipsius
912 3747 1008 3808 statu
1028 3737 1171 3808 salutari
1189 3739 1358 3819 doctrina,

219 3862 257 3925 et
282 3853 522 3925 consolatione
539 3852 660 3946 erigat,
679 3852 785 3943 idque
809 3852 875 3923 sub
896 3853 1008 3923 forma
1034 3853 1070 3923 in
1093 3853 1182 3923 libro
1205 3852 1358 3946 publicae

220 3971 375 4065 liturgiae
393 3976 573 4062 concepta,
592 3969 620 4038 si
638 3991 708 4038 non
731 3968 777 4038 sit
794 3967 1041 4052 concionator3
1067 3969 1152 4040 alias
1170 3982 1274 4062 prout
1291 3971 1357 4062 ipsi

218 4089 374 4158 maxime
391 4087 568 4157 videbitur
590 4084 767 4177 expedire.
820 4082 943 4154 Morte
960 4107 1043 4154 vero
1062 4085 1139 4176 jam
1160 4086 1356 4179 ingruente,
1366 4124 1404 4178 30

218 4207 337 4298 aliqua
354 4225 523 4298 campana
539 4201 744 4296 pulsabitur,
762 4224 877 4294 neque
894 4201 1054 4272 minister
1066 4223 1229 4293 supremo
1243 4201 1357 4273 officio

218 4345 283 4393 suo
299 4321 366 4393 hac
382 4323 419 4391 in
435 4330 534 4412 parte
552 4319 674 4389 deerit.
710 4319 802 4390 Cum
819 4326 940 4390 autem
954 4319 1177 4412 expiraverit,
1191 4320 1220 4389 si
1234 4319 1358 4411 utique

219 4440 379 4533 expirare
396 4460 478 4508 eum
501 4437 695 4530 contingat,
713 4457 883 4530 campana
898 4457 962 4528 per
984 4435 1094 4508 breve
1111 4436 1370 4512 tantummodo·
