3118 4968
251 213 295 278 aa
652 211 994 301 anamarteton.
1334 208 1395 298 [ν.

253 388 350 472 dum,
367 387 473 460 modo
489 389 593 460 iuxta
608 388 716 472 illam,
731 397 769 460 et
786 387 907 461 lumen
923 398 1058 462 natura
1074 385 1237 462 accurate
1255 387 1396 468 vixerit,

253 525 335 574 cum
360 525 465 574 saera
487 504 598 577 litera
620 512 762 576 tantum
779 505 864 576 Iesu
881 505 1013 578 Christi
1039 528 1170 578 nomen
1192 504 1395 599 praedicent,

253 622 291 692 in
309 645 378 716 quo
395 621 512 694 saluos
527 623 604 695 fieri
620 623 782 694 homines
799 631 973 717 oporteat.

646 875 704 949 19.
754 867 812 941 De
827 868 993 943 Ecclesia.

304 1019 464 1093 Ecclesia
488 1021 620 1094 Christi
650 1021 795 1094 risibilis
829 1030 883 1094 est
912 1030 1026 1094 eoetus
1054 1021 1224 1108 fidelium,
1254 1022 1292 1092 in
1326 1033 1424 1113 quot

253 1137 401 1210 verbum
419 1137 489 1210 Dei
512 1162 639 1233 purum
664 1139 882 1233 predicatur,
905 1147 946 1210 vt
968 1148 1196 1221 sacramenta,
1218 1137 1334 1230 quoad
1355 1161 1400 1208 ea

254 1276 323 1347 que
349 1255 544 1327 necessario
568 1256 764 1350 exigantur,
788 1255 890 1325 iuxta
916 1253 1048 1326 Christi
1070 1256 1274 1327 institutum
1300 1252 1400 1326 recte

253 1371 552 1442 administrantur.
605 1369 708 1442 Sicut
735 1370 867 1442 errauit
890 1371 1052 1442 Ecclesia
1073 1370 1398 1454 Hierosolimitana,

258 1485 512 1571 Alexandrina,
546 1497 585 1558 at
619 1485 872 1558 Antiocheno:
914 1488 965 1558 ita
998 1495 1038 1558 et
1076 1488 1208 1559 errauit
1249 1487 1401 1559 eeclesia

254 1602 425 1689 Romana,
438 1627 510 1675 non
528 1601 642 1674 solum
660 1601 777 1695 quoad
790 1604 937 1697 agenda,
948 1611 986 1674 et
1003 1605 1281 1676 ceremoniarum
1298 1605 1398 1688 ritus,
1411 1623 1444 1662 10

253 1744 378 1792 rerum
394 1722 433 1792 in
449 1721 518 1814 hijs
534 1721 644 1792 etiam
661 1743 739 1812 quae
756 1721 931 1792 credenda
947 1727 1041 1792 sunt.

531 1992 590 2058 20.
640 1983 698 2057 De
713 1982 879 2058 Eaclouoe
895 1984 1112 2060 authoritate.

304 2135 473 2208 Ecclesia.
502 2160 574 2208 non
606 2136 692 2207 licet
718 2137 907 2230 quicquam
936 2138 1132 2220 instituere,
1163 2140 1258 2231 quod
1287 2140 1399 2210 verbo

253 2253 324 2325 Dei
352 2254 568 2337 aduersotur,
598 2277 714 2347 neque
747 2277 856 2325 vnum
884 2253 1074 2348 Scripturas
1103 2255 1222 2326 locum
1256 2256 1306 2327 sie
1337 2278 1402 2326 ex-

253 2393 384 2465 ponere
400 2378 530 2465 potest,
545 2377 584 2440 vt
601 2369 704 2442 alteri
721 2371 949 2443 contradicat.
999 2371 1119 2457 Quare
1136 2369 1221 2442 licet
1240 2371 1401 2444 Ecclesia
1412 2391 1444 2448 15

254 2487 301 2558 sit
331 2486 532 2557 diuinorum
560 2486 729 2558 librorum
759 2488 871 2572 testis,
898 2495 936 2559 et
958 2488 1210 2571 conseruatrix,
1239 2496 1400 2558 attamen

254 2611 295 2674 vt
324 2603 492 2673 aduersus
517 2623 578 2672 eos
607 2601 696 2672 nihil
723 2603 923 2686 decernere,
954 2604 1006 2673 ita
1034 2611 1160 2696 praeter
1188 2602 1278 2687 illos,
1310 2603 1400 2675 nihil

254 2718 471 2791 eredendum
488 2718 533 2788 de
550 2718 760 2790 necessitate
778 2717 901 2790 salutis
917 2719 1026 2791 debet
1042 2720 1242 2791 obtrudere.

391 2989 449 3057 21.
500 2983 557 3056 Da
574 2982 781 3057 authoritate
800 2983 1036 3060 Concitioaam
1049 2985 1274 3084 portantium.

305 3135 494 3208 Generalia
517 3135 674 3220 concilia,
701 3137 776 3207 sine
801 3136 910 3220 iussu,
931 3145 969 3208 et
994 3136 1179 3209 voluntate
1200 3137 1399 3232 principum
1410 3168 1447 3208 20

255 3253 459 3348 congregari
492 3276 564 3323 non
598 3259 756 3345 possunt,
796 3260 835 3323 et
863 3253 923 3324 rbi
959 3254 1200 3337 conuenerint,
1234 3255 1318 3345 quia
1351 3277 1398 3324 ex

255 3368 457 3440 hominibus
478 3375 652 3452 constant,
674 3369 735 3461 qui
752 3391 825 3438 non
846 3391 968 3440 omnes
993 3369 1128 3462 spiritu,
1146 3376 1185 3440 et
1201 3369 1309 3440 verbo
1328 3368 1399 3441 Dei
1451 3399 1453 3404 ·

255 3494 436 3578 reguntur,
462 3493 500 3554 et
525 3507 640 3556 errare
665 3493 824 3578 possunt,
851 3494 890 3556 et
912 3486 1091 3557 interdum
1112 3493 1273 3558 errarunt
1291 3487 1400 3557 etiam

254 3600 293 3671 in
318 3600 374 3672 his
399 3623 467 3694 que
490 3602 535 3672 ad
558 3625 717 3673 normam
740 3602 882 3695 pietatis
904 3603 1107 3696 pertinent:
1144 3603 1295 3694 ideoque
1322 3627 1401 3696 quae

255 3715 301 3787 ab
330 3715 401 3787 illis
430 3718 704 3800 constituuntur,
730 3726 770 3787 vt
800 3697 846 3788 ad
875 3717 1015 3789 saluten
1049 3719 1254 3801 necessaria,
1284 3741 1446 3810 nequea5

255 3831 363 3904 robur
386 3830 529 3916 habent,
559 3854 674 3924 neque
701 3832 966 3918 authoritatem,
992 3834 1059 3904 nisi
1089 3833 1228 3905 ostendi
1262 3834 1400 3927 possint

257 3943 399 4020 isauris
415 3947 527 4019 literis
544 3970 619 4020 esse
637 3949 835 4042 desumpta.

631 4211 690 4278 22.
740 4205 798 4279 Dc
808 4209 1024 4306 parpatooto.

306 4351 477 4425 Doctrina
494 4353 771 4426 Romanensium
788 4355 833 4426 de
854 4359 1068 4452 purgatorio,
1087 4359 1132 4430 de
1155 4357 1397 4452 indulgentijs,

257 4470 302 4542 de
313 4471 547 4555 veneratione,
559 4479 597 4543 et
613 4473 826 4558 adoratione,
844 4479 923 4546 tum
939 4474 1145 4569 imaginum,
1163 4484 1242 4546 tum
1258 4473 1447 4567 reliqui-ao
