3140 4972
237 213 302 280 ano
467 214 684 281 Consummatur
698 215 765 279 aud
781 216 903 280 canoro
918 213 1159 280 Eecbeimtiool.
1319 210 1377 296 [V.

237 397 275 462 et
297 391 411 486 sigillo
428 392 692 474 communitam,
710 391 866 462 solennia
881 391 956 463 ulla
974 392 1112 484 jejunis
1127 391 1202 462 sire
1224 386 1376 482 publice,

236 509 309 579 sive
342 510 379 579 in
412 509 556 601 privatis
585 508 717 578 aedibus
749 508 917 591 indicent,
947 515 1009 579 eut
1044 504 1284 588 celebrabunt,
1318 503 1375 575 vel

236 625 344 695 etiam
374 626 506 696 eisdem
532 626 683 696 scienter
707 625 904 695 interemnt
931 625 1105 717 (exceptis
1131 624 1184 706 iis,
1209 647 1287 716 quae
1312 629 1376 692 aut

229 740 305 832 jam
330 740 465 836 legibus
488 743 651 813 instituta
671 749 765 826 sunt,
782 751 845 813 aut
867 741 1009 836 publica
1025 741 1236 812 anctoritate
1258 743 1376 833 inpos-

235 865 352 928 terum
386 859 629 950 instituentur)
659 859 725 929 sub
755 882 859 952 poena
887 859 1121 952 suspensionis
1150 881 1214 951 pro
1244 857 1399 932 delictos

234 974 357 1065 primo,
389 975 763 1046 excommunicationis
791 997 855 1068 pro
884 977 1048 1058 secundo,
1079 985 1117 1046 et
1146 975 1374 1067 depositionis

234 1106 297 1183 pro
330 1094 446 1162 tertio.
499 1091 580 1163 Nec
609 1094 793 1186 quisquam
822 1093 985 1164 minister
1012 1100 1211 1186 praesumet,
1241 1091 1373 1182 absque

234 1206 377 1278 licentia
405 1206 460 1296 (nt
486 1209 621 1279 dictum
651 1210 720 1302 est)
746 1209 944 1302 impetratu,
974 1210 1168 1292 condicere,
1194 1217 1257 1278 aut
1283 1206 1377 1278 celes

233 1324 335 1394 brare
359 1325 450 1396 ullos
476 1333 670 1396 conventus
695 1347 758 1418 pro
784 1326 1019 1408 concionibus,
1038 1349 1119 1417 quae
1144 1325 1250 1420 vulgo
1273 1347 1374 1394 exer-

234 1440 328 1522 citio,
357 1450 420 1511 ant
448 1440 645 1534 prophetiae
674 1427 851 1512 nonnullis
880 1449 1138 1534 nuncupentur,
1168 1442 1205 1511 in
1235 1440 1372 1533 oppidis
1384 1464 1418 1505 10

232 1557 459 1639 mercatoriis,
479 1566 542 1628 eut
567 1557 636 1627 alio
657 1557 779 1649 quovis
805 1556 892 1641 loco,
916 1558 982 1628 sub
1007 1559 1119 1651 poenis
1144 1558 1350 1650 supradicti
1361 1579 1374 1640 ;w

232 1694 298 1742 neo
328 1673 403 1743 sine
428 1673 533 1743 simili
558 1672 702 1744 licentia
727 1674 881 1744 tentabit
910 1674 976 1745 sub
1002 1673 1163 1766 quolibet
1192 1681 1372 1768 praetextu

232 1790 305 1861 sive
328 1793 561 1882 possessionis,
585 1792 658 1862 sive
681 1791 897 1873 obsessionis,
914 1813 979 1883 per
998 1792 1174 1884 jejunium
1191 1799 1230 1861 et
1251 1813 1376 1884 preco-r

233 1905 346 1977 tiones
363 1908 535 1978 daemonia
551 1929 613 1978 seu
626 1909 771 2002 spiritus
787 1907 899 1980 malos
912 1909 1048 2000 ejicere,
1062 1918 1169 2001 atque
1182 1907 1370 2002 expellere,

232 2023 297 2092 rub
314 2046 418 2116 poena
439 2025 642 2118 imposturae
662 2025 877 2117 imputandoe
897 2033 935 2095 et
958 2026 1185 2119 depositionis
1210 2049 1231 2096 a
1251 2025 1413 2103 minis-15

231 2140 322 2210 terio
339 2163 447 2211 sucro.

246 2490 248 2498 Ι
283 2405 468 2478 LXXIII.
515 2405 681 2478 Misictri
708 2405 938 2479 eoocmticulo
961 2409 1103 2504 priuato
1132 2405 1316 2478 conciliare

706 2521 890 2618 prohibiti.

281 2672 456 2756 Quoniam
474 2675 720 2747 conventicula
738 2683 776 2746 et
793 2675 1010 2745 clandestina
1029 2675 1310 2768 presbyterorum
1331 2681 1369 2743 et

201 2827 203 2830 ·
229 2789 467 2858 ministromm
493 2789 726 2862 conciliabula
751 2788 919 2872 eeclesiae,
937 2790 974 2860 in
996 2813 1066 2882 qus
1085 2789 1248 2871 vixerint,
1274 2789 1414 2860 inco-20

230 2905 383 2975 lumitati
409 2906 604 2997 peruiciosa
627 2909 755 2977 merito
781 2929 919 3000 semper
943 2917 1026 2976 sunt
1051 2907 1273 2989 existimata;
1299 2914 1369 2975 stn-

230 3020 362 3091 tnimus
385 3031 423 3092 et
450 3023 659 3106 ordinamus,
688 3032 729 3094 ut
754 3022 842 3094 nulli
872 3023 1036 3116 deinceps
1065 3022 1270 3116 presbyteri,
1295 3023 1368 3092 sive

229 3137 326 3207 verbi
353 3138 461 3208 divini
488 3139 649 3223 ministri,
667 3140 724 3211 161
749 3139 808 3210 olii
834 3140 1035 3231 quicunque
1058 3141 1095 3210 in
1117 3139 1261 3232 privatis
1286 3136 1368 3208 ullis

229 3254 374 3338 aedibus,
401 3253 552 3326 16111116
578 3257 701 3348 quovis
727 3256 804 3327 loco
832 3256 976 3326 seorsim
1005 3255 1226 3337 conveniant,
1256 3252 1369 3324 eonsi-

202 3369 315 3441 lium
339 3371 475 3463 cnpturi
501 3353 545 3441 de
570 3374 691 3463 quavis
716 3396 764 3454 re,
782 3381 844 3444 aut
868 3373 1004 3443 ratione
1029 3395 1092 3464 per
1115 3372 1208 3464 ipsos
1232 3370 1289 3440 vel
1314 3371 1367 3462 ip·
1376 3396 1410 3452 25

228 3509 346 3557 sorum
372 3509 476 3558 suasu
501 3512 542 3558 ec
568 3490 712 3560 oonsilio
733 3512 796 3582 per
820 3487 907 3560 alios
932 3489 1095 3572 ineundo,
1112 3512 1193 3581 quae
1216 3487 1260 3558 ed
1285 3487 1368 3558 doc-

228 3603 331 3674 trinae
356 3603 394 3672 in
419 3603 567 3675 ecclesie
591 3603 791 3699 Anglicnna
815 3606 991 3688 stabilitae,
1022 3605 1079 3675 161
1105 3604 1184 3675 libri
1213 3604 1367 3698 publicae

228 3716 381 3812 liturgiae
397 3720 648 3812 prejudicium,
661 3730 724 3792 aut
737 3723 1000 3816 derogationem
1013 3719 1190 3791 ullatenus
1208 3729 1367 3813 spectare

227 3835 346 3925 porsit,
364 3835 428 3905 snb
446 3859 550 3928 poena
566 3839 940 3910 excommunicationis
956 3839 1033 3931 ipso
1050 3837 1144 3908 fecto
1162 3837 1365 3908 subeundae.

320 4082 501 4157 LXXIV.
539 4083 722 4158 Ministris
738 4087 777 4158 iu
794 4087 914 4159 vestitu
927 4088 1084 4186 pronitus
1093 4095 1284 4183 precepto,
1374 4113 1412 4169 30

278 4232 393 4317 Verus,
411 4237 573 4328 antique,
592 4261 633 4308 ac
651 4237 816 4309 florentes
833 4223 965 4310 Christi
987 4239 1153 4320 ecelesiae,
1175 4260 1257 4307 cum
1276 4259 1367 4308 sem-

227 4372 291 4443 per
311 4351 469 4443 inprimis
491 4355 684 4437 stnderent,
702 4365 743 4425 ut
765 4356 921 4449 ipsorum
944 4354 1077 4448 prelati
1096 4365 1134 4425 et
1152 4353 1269 4426 clerici
1291 4351 1365 4424 tum

226 4467 265 4535 in
281 4475 430 4538 externo
445 4467 589 4552 bonore,
607 4493 720 4562 quam
730 4472 869 4544 interna
884 4473 1081 4544 reverentie
1102 4480 1247 4566 propter
1262 4470 1366 4542 mini·
