3140 4972
212 212 321 298 1604.]
438 216 658 281 conan'aciom
673 217 741 282 ancl
757 217 880 281 canons
894 215 1135 281 Ecclesiastiocl.
1285 214 1347 286 191

209 396 377 459 exactum
406 391 604 464 residentia
632 414 704 464 suae
729 393 931 476 terminum,
957 415 1022 486 per
1050 399 1186 463 statuta
1213 389 1349 474 localia,

209 514 272 574 aut
293 509 585 580 consuetudinem
606 508 761 581 ecclesiae
791 533 861 580 suae
882 509 1078 593 definitum,
1100 509 1146 579 ad
1178 507 1351 579 beneficia

209 643 282 704 sna,
300 622 358 692 vel
374 647 484 696 unum
502 649 548 696 ex
568 626 621 711 iis,
639 636 701 697 aut
719 627 844 698 saltem
862 627 906 698 ad
923 627 1027 698 aliam
1046 626 1199 718 aliquam
1218 647 1349 708 curam,

209 740 246 808 in
275 763 345 832 qua
371 741 526 834 ipsorum
551 745 737 837 prasentia
761 743 840 838 lege
865 743 1063 836 requiritur,
1087 742 1349 834 quamprimum

208 858 457 942 convolabunt,
484 870 526 930 ut
553 861 682 934 debitis
708 860 781 933 illic
809 859 930 931 officiis
957 860 1221 953 perfimgantur,
1241 857 1375 949 juxtas

208 974 305 1069 leges
327 976 365 1046 in
386 1001 429 1048 ea
448 987 549 1071 parte
570 978 792 1061 constitutas,
809 999 895 1071 quas
920 977 1106 1070 episcopus
1131 975 1348 1046 dioecesanus

209 1091 346 1163 curabit
363 1096 564 1165 executioni
580 1096 749 1166 mandari.

208 1338 331 1413 XLV.
373 1337 578 1436 Beneficioti
608 1342 871 1424 omicioncloncc,
899 1341 938 1412 in
967 1339 1135 1437 beneficiis
1162 1340 1236 1412 anis
1262 1340 1348 1413 resi-

447 1456 570 1541 dentes,
579 1456 713 1555 jupiter
731 1466 887 1529 wncntar
902 1455 1110 1530 concionari.

258 1605 397 1702 Singuli
424 1607 625 1679 beneficiati
651 1607 689 1679 in
715 1609 894 1681 beneficiis
921 1610 993 1680 suis
1020 1609 1222 1691 residentes,
1246 1608 1391 1678 dum-10

207 1723 314 1793 modo
330 1725 402 1794 sint
424 1722 584 1818 legitima
600 1727 811 1798 auctoritate
827 1726 873 1796 ad
890 1725 1168 1797 concionandum
1191 1724 1346 1810 admissi,

208 1864 273 1934 per
289 1839 444 1936 singulos
465 1842 540 1913 dies
559 1842 762 1926 dominicos,
777 1844 877 1936 justo
898 1843 1152 1936 impedimento
1176 1849 1345 1925 cessante,

207 1956 244 2027 in
261 1956 417 2028 ecclesiis
433 1965 495 2029 aut
512 1957 655 2051 capellis
672 1959 753 2041 suis,
767 1957 824 2029 vel
841 1957 1033 2029 vicinarum
1050 1956 1169 2050 aliqua
1184 1957 1345 2028 ministro

207 2075 453 2145 concionatore
478 2075 649 2146 destituta
670 2074 747 2163 (ubi
771 2075 926 2147 maxime
952 2072 1101 2144 facultas
1126 2074 1244 2167 datur)
1263 2096 1346 2145 con-

206 2193 344 2263 cionem
370 2194 415 2263 ad
440 2192 611 2286 populum
637 2192 820 2264 habebunt
846 2213 965 2272 unam,
992 2191 1028 2259 in
1056 2212 1126 2282 qua
1154 2189 1278 2272 sobrie,
1307 2196 1345 2260 et
1356 2218 1389 2277 15

206 2309 340 2380 sincere
357 2311 503 2382 verbum
522 2311 681 2382 veritatis
698 2311 857 2381 divident
877 2311 914 2381 in
932 2307 1002 2381 Dei
1023 2309 1181 2404 gloriam,
1198 2316 1237 2378 et
1253 2307 1347 2380 salu·

205 2435 318 2497 tarem
336 2425 457 2520 populi
475 2426 756 2498 aedificationem.

206 2674 349 2749 XLVI.
377 2674 583 2771 Bcnqtcicti
602 2700 672 2748 non
694 2678 948 2750 concionatores
971 2677 1137 2750 ciconiam
1168 2675 1347 2750 conciona-

303 2795 390 2866 tons
406 2817 545 2914 operam
551 2792 717 2888 jubentur
732 2792 878 2892 sinpnlia
896 2792 1064 2866 menibus
1080 2791 1248 2864 adbibere.

256 2943 381 3016 Omnis
416 2945 644 3016 beneficiatus
677 2944 722 3015 ad
756 2945 1035 3018 concionandum
1063 2969 1134 3016 non
1163 2942 1344 3029 admissus,
1354 2979 1390 3021 ιο

203 3059 411 3132 concionem
434 3062 580 3156 singulis
602 3062 783 3134 mensibus
805 3087 912 3134 unam
936 3063 981 3135 ad
1004 3065 1120 3134 minus
1142 3064 1180 3132 in
1197 3061 1346 3132 ecclesia

205 3179 272 3249 sibi
306 3179 449 3261 credita,
491 3201 555 3271 per
587 3179 868 3249 concionatorem
906 3178 1067 3274 legitime
1100 3178 1345 3271 approbatum,

201 3295 325 3367 baberi
342 3295 551 3388 procurabit,
566 3295 595 3366 si
608 3304 728 3366 tamen
745 3295 908 3367 beneficii
923 3295 1021 3365 valor
1033 3293 1195 3364 ordinarii
1208 3293 1344 3385 judicio

156 3423 160 3432 '
204 3413 241 3484 id
263 3413 355 3482 ferre
375 3434 478 3506 posse
494 3411 693 3496 videbitur3
725 3413 821 3482 omni
842 3421 961 3482 autem
980 3413 1038 3482 die
1056 3411 1244 3494 dominico,
1261 3432 1344 3479 cnm

205 3531 240 3601 in
267 3531 374 3623 ipsius
399 3529 547 3600 ecclesia
572 3528 712 3599 deficiet
738 3529 870 3612 concio,
887 3530 1002 3600 dictus
1027 3527 1256 3599 beneficiatus
1281 3524 1387 3618 ali-25

204 3671 311 3740 quam
345 3669 391 3717 ex
424 3645 587 3730 homiliis,
622 3645 764 3738 publica
796 3647 1006 3716 auctoritate
1039 3643 1248 3737 praescriptis
1280 3652 1344 3714 aut

203 3765 474 3856 praescribendis,
501 3785 565 3856 per
588 3785 626 3833 se
651 3761 708 3834 vel
734 3771 830 3834 certe
852 3785 915 3856 per
939 3771 1101 3833 curatum
1127 3783 1230 3832 suum
1255 3761 1343 3832 reci-

203 3879 305 3951 tabit.

179 4093 368 4168 'XLVIL
404 4093 620 4190 Beneficicti,
649 4117 671 4164 a
700 4092 868 4190 beneficiis
901 4095 975 4165 sais
1004 4091 1151 4191 lepitimc
1182 4091 1340 4179 absentes,

375 4222 530 4286 cunctum
548 4213 817 4285 concionatorem
824 4211 990 4307 jubentur
1006 4209 1174 4283 adbibere.
1348 4233 1384 4290 30

252 4362 414 4450 Quilibet
439 4364 677 4448 beneficiatus,
703 4365 760 4435 cui
791 4374 935 4459 propter
960 4363 1208 4435 necessitatem
1235 4363 1341 4436 officii

201 4479 287 4554 alias
312 4481 551 4556 incumbentis
576 4481 789 4576 dispensatio
806 4483 852 4554 de
873 4501 944 4554 non
967 4481 1153 4554 residendo
1175 4481 1212 4553 in
1234 4482 1341 4554 bene-
