3140 4972
248 234 312 297 150
486 233 693 300 Oenstitoticos
706 233 772 298 aad
786 233 907 298 Canens
919 231 1150 297 Ecclesiasticct.
1313 231 1388 316 [lv.

247 415 349 491 trata,
376 408 547 501 ejusmodi
571 431 751 503 processus
780 415 973 502 amputare,
999 430 1070 502 quo
1097 405 1283 479 laudabilis
1312 405 1387 498 epi-

249 525 344 617 scopi
362 525 533 596 indnstria
549 527 709 597 debitum
727 549 769 596 ea
785 525 921 595 ratione
938 526 1103 596 sortiatur
1120 523 1297 594 effectum.

299 637 474 734 Denique,
491 650 533 713 ιιι
556 641 715 735 quolibet
737 663 829 710 anno
846 640 892 710 ad
914 640 1045 710 festum
1066 639 1178 710 sancti
1196 634 1387 707 Michaelis

249 755 460 851 archangeli,
478 757 534 828 rel
556 757 650 829 intra
673 780 736 829 sex
758 756 1006 841 hebdomadas,
1030 756 1125 827 idem
1149 757 1281 826 festum
1304 753 1387 824 sub-

250 881 449 966 sequentes,
491 875 729 968 unusquisque
771 874 953 967 episcopus
994 895 1192 954 numerum,
1233 871 1413 951 nominat

249 992 386 1084 gradus,
420 998 458 1061 et
490 989 680 1083 qualitates
719 1012 841 1060 eorum
875 991 1045 1073 omnium,
1078 1011 1166 1081 quos
1198 988 1237 1057 in
1270 1007 1386 1057 sacms

250 1108 399 1191 ordines,
417 1106 473 1178 vel
496 1109 534 1178 in
554 1106 672 1200 aliqua
695 1107 867 1178 beneficia
892 1108 1019 1177 eodem
1046 1128 1138 1176 anno
1166 1104 1387 1198 praecedente

250 1225 475 1317 promoverit,
492 1225 536 1295 ad
554 1222 853 1316 archiepiscopum
871 1225 1098 1295 transmittat.

447 1513 505 1587 De
521 1514 756 1612 beneficiorem
767 1512 971 1614 pluralitate
987 1512 1183 1586 cohibenda.

301 1680 406 1765 Quod
423 1683 556 1754 nemini
572 1684 790 1779 inpostemm
808 1683 956 1755 facultas
979 1684 1052 1755 sive
1069 1680 1289 1776 indulgentia
1305 1703 1388 1750 oon·
1399 1701 1433 1740 ιο

251 1799 397 1870 cedatur
412 1799 457 1869 do
474 1797 632 1891 pluribus
647 1799 827 1871 beneficiis
844 1799 948 1870 simul
965 1799 1168 1881 retinendis,
1184 1797 1252 1868 nisi
1267 1797 1389 1890 hujus·

250 1914 347 1986 modi
363 1922 514 1998 tantum,
531 1917 591 2008 qui
613 1939 677 2009 pro
695 1917 891 1988 eruditione
912 1939 975 1988 sua
990 1925 1028 1988 et
1052 1915 1208 1987 maxime
1226 1914 1331 2008 digni,
1350 1923 1388 1987 et

251 2031 296 2100 ad
321 2029 474 2101 officium
492 2054 594 2102 suum
616 2032 754 2125 plenius
778 2034 1014 2127 praestandum
1027 2033 1182 2103 maxime
1197 2030 1333 2101 habiles
1351 2040 1389 2102 et

250 2146 368 2217 idonci
386 2147 643 2232 censebuntur3
668 2148 845 2232 nimimm,
862 2158 904 2219 ut
920 2150 960 2232 is,
977 2149 1038 2241 qui
1060 2146 1262 2240 hujusmodi
1280 2147 1390 2218 iacul-

251 2273 327 2335 tate
354 2263 524 2335 fruiturus
548 2273 613 2347 est,
639 2267 685 2336 sit
707 2265 753 2336 ad
777 2267 965 2336 minimum
991 2265 1121 2335 artium
1146 2264 1325 2358 magister,
1351 2271 1433 2340 et15

250 2380 412 2475 publicus
428 2403 469 2452 ac
492 2382 639 2454 idoneus
658 2383 753 2454 verbi
778 2383 887 2454 divini
911 2383 1159 2453 concionator:
1194 2381 1246 2450 ita
1269 2389 1389 2450 tamen

252 2505 293 2568 ut
309 2497 436 2568 idonea
453 2497 560 2568 etiam
577 2500 741 2569 cautione
759 2498 947 2570 obstrictus
965 2506 1138 2582 teneatur,
1155 2496 1200 2567 de
1216 2497 1389 2590 personali

252 2637 315 2685 sua
331 2613 521 2684 residentia
536 2613 573 2684 in
590 2613 735 2708 singulis
751 2613 931 2686 beneficiis
948 2614 1157 2708 perbonam
1174 2613 1256 2683 anni
1275 2613 1389 2705 cujus-

253 2755 323 2826 que
342 2739 479 2824 partem
501 2731 670 2813 faciendo,
688 2741 725 2801 et
743 2731 838 2822 quod
860 2731 1032 2825 ejusmodi
1054 2729 1227 2802 beneficia
1243 2729 1390 2824 triginta

252 2847 455 2919 milliarium
489 2848 602 2941 spatio
631 2849 677 2918 ad
706 2870 883 2919 summum
916 2872 988 2920 non
1017 2848 1150 2919 distent
1179 2845 1387 2917 abinvicem.
1398 2863 1434 2904 20

254 2962 417 3056 Denique
435 2963 528 3056 quod
551 2964 718 3036 idoneum
735 2973 896 3036 curatum
916 2965 1055 3048 habeat,
1074 2966 1134 3056 qui
1156 2964 1298 3058 plebem
1315 2965 1390 3056 ejus

253 3080 436 3177 parochia,
468 3083 505 3151 in
535 3104 605 3174 qua
637 3105 709 3153 non
742 3082 920 3164 residebit,
947 3082 1110 3154 instituat
1144 3105 1186 3152 ac
1212 3081 1389 3164 infomret,

253 3197 360 3268 modo
384 3196 571 3268 facultates
588 3199 746 3292 ejusdem
768 3197 930 3270 beneficii
947 3199 1055 3269 talem
1079 3197 1263 3268 commode
1286 3175 1390 3268 susti-

254 3337 338 3384 nere
371 3335 485 3407 posse,
515 3314 784 3409 archiepiscopo,
815 3312 872 3387 vel
904 3315 981 3408 ejus
1007 3315 1196 3386 dioeceseos
1226 3315 1390 3408 episcopo

256 3429 479 3501 videbuntur.
1399 3447 1434 3506 ²5

325 3741 371 3816 Ut
387 3740 574 3838 beneficiati
591 3745 630 3815 ic
645 3746 719 3816 sais
735 3742 904 3840 benesiciis
921 3746 1049 3818 caratis
1065 3744 1328 3842 hospitalitatem

731 3869 917 3933 ecerccant.

306 4026 483 4110 Quoniam
504 4027 730 4098 ecclesiarum
752 4026 1006 4099 cathedralium
1030 4033 1187 4103 canonici
1210 4033 1284 4102 sive
1307 4052 1393 4123 prae-

255 4144 413 4215 bendarii
438 4143 676 4216 ecclesiastica
697 4144 868 4215 beneficia
887 4154 1009 4217 curate
1029 4146 1113 4218 alibi
1137 4148 1260 4240 saepius
1282 4145 1393 4239 possi·

258 4261 353 4344 dent,
382 4269 420 4330 et
450 4270 570 4332 tamen
603 4261 861 4355 pretendentes
890 4283 928 4330 se
957 4262 1092 4333 ratione
1127 4263 1436 4356 praehendarum30

257 4400 399 4449 suarum
423 4401 445 4447 a
468 4377 658 4448 residentia
681 4378 718 4447 in
744 4377 873 4448 curatis
901 4376 1080 4450 beneficiis
1109 4377 1239 4451 liberos
1265 4387 1303 4450 et
1327 4379 1393 4448 im-
