3140 4972
216 206 320 290 ¹597]
450 207 660 272 Constitutione
673 207 740 272 aad
754 207 873 272 Oeonas
885 205 1119 272 Eoobooiootiool.
1291 199 1356 266 163

208 379 408 453 illustrioris
430 383 641 455 eonditionis
665 383 722 466 sit,
740 403 846 475 quam
870 382 971 453 nobis
994 388 1201 476 suggestum
1227 387 1292 461 est,
1318 385 1356 447 et

209 520 315 590 quam
332 522 379 571 ex
403 501 612 594 cognomine
628 509 668 570 et
690 501 933 571 additamento
950 500 988 569 in
1003 499 1059 570 bis
1082 497 1193 568 literis
1215 494 1355 566 insertis

208 613 326 708 colligi
344 615 447 686 facile
470 624 679 709 potestant
702 617 731 686 si
754 613 872 708 aliqua
888 615 983 685 fraus
1008 615 1226 708 inposterum
1249 634 1356 704 appa·

209 739 286 801 reat
311 730 369 802 vel
390 732 553 804 falsitatis
576 732 678 804 nobis
702 739 875 826 suggestae
898 729 956 800 rel
980 751 1172 823 suppressa
1197 729 1354 799 veritatis

209 856 369 941 tempore
385 848 491 941 hujus
508 849 665 920 lieentiae
683 848 859 932 obtentae3
883 856 971 918 tuno
988 847 1063 918 hseo
1076 846 1219 917 licentia
1236 853 1380 930 nostra5

209 965 308 1034 irrita
324 965 371 1037 sit
393 966 438 1036 ad
457 987 600 1036 omnem
616 966 708 1058 juris
725 964 893 1036 effectum
910 987 952 1036 ae
972 965 1001 1036 si
1025 963 1168 1035 omnino
1190 984 1356 1034 concessa

209 1103 282 1150 non
311 1080 456 1152 luisset:
492 1090 530 1152 et
558 1105 602 1152 eo
633 1103 714 1152 casu
744 1081 945 1153 inhibemus
977 1081 1158 1174 quibusvis
1187 1080 1356 1150 ministris

212 1196 332 1286 (modo
349 1198 608 1292 praemissorum
632 1198 775 1292 aliquod
792 1199 843 1270 eis
866 1199 1076 1289 innotuerit)
1094 1221 1139 1268 ne
1162 1196 1207 1268 ad
1229 1195 1356 1266 solem-

210 1315 425 1386 nizationem
454 1316 541 1387 dieti
570 1318 787 1388 matrimonii
819 1317 1024 1410 procedant,
1054 1315 1120 1385 nisi
1150 1313 1261 1396 nobis,
1292 1321 1355 1384 ant

211 1433 341 1503 vioario
375 1441 494 1504 nostro
524 1435 561 1504 in
592 1434 832 1526 spiritualibus
861 1433 1018 1528 generali
1050 1434 1147 1526 prius
1176 1430 1355 1503 consultis.
1366 1451 1399 1490 10

216 1548 259 1618 In
276 1549 377 1642 cujus
394 1549 444 1619 rei
461 1549 716 1633 testimonium,
733 1560 801 1622 eto.

268 1665 358 1757 [The
375 1666 535 1736 minister
557 1664 647 1737 shall
668 1675 732 1736 not
755 1666 946 1738 solemnius
969 1665 1041 1736 this
1065 1666 1237 1759 marriage
1254 1664 1357 1734 witb-

213 1790 278 1853 out
298 1782 360 1852 the
385 1790 533 1852 consent
558 1783 601 1852 of
620 1781 713 1852 their
737 1792 879 1876 parents
905 1807 946 1854 or
969 1804 1168 1877 governors,
1191 1779 1271 1852 who
1296 1803 1356 1852 are

212 1898 346 1992 bereby
362 1896 517 1969 lieensed
535 1905 573 1969 to
590 1897 736 1992 marry]

266 2015 305 2087 Si
330 2023 481 2108 utraque
507 2039 586 2109 pars
616 2016 825 2087 contrahens
854 2017 891 2086 in
921 2017 1094 2088 viduitate
1128 2017 1282 2086 existens
1311 2015 1400 2097 ad15

214 2131 385 2205 secundas
411 2133 553 2225 nuptias
578 2131 763 2204 convolare
784 2132 992 2204 facultatem
1008 2141 1118 2226 petat,
1136 2141 1214 2203 tum
1235 2152 1356 2202 omnes

214 2247 380 2322 olausulae
396 2258 582 2342 parentum
600 2272 809 2320 eonsensum
822 2251 1040 2344 requirentes
1053 2249 1171 2321 omitti
1187 2254 1356 2341 possunt3

215 2367 277 2438 sed
306 2366 479 2460 parochiae
508 2366 692 2458 utriusque
722 2367 961 2438 contrahentis
994 2365 1032 2435 in
1064 2364 1209 2436 lieentia
1241 2364 1358 2457 expri-

215 2484 352 2554 mendae
377 2491 470 2566 sunt,
488 2507 529 2554 ao
554 2481 719 2576 parocbia
739 2484 801 2555 ubi
824 2484 1087 2556 matrimonium
1112 2480 1356 2564 celebrabitur,

169 2595 172 2600 ’
216 2599 440 2695 designanda.
1366 2620 1400 2659 πο
