3140 4972
243 197 307 262 aar
462 195 679 265 emnam
694 195 761 258 aar
777 195 898 258 cam
914 192 1157 259 mauman.
1325 195 1381 280 [v.

243 522 383 593 CXIX.
413 521 647 595 Detectioncm
664 519 831 594 scledrdoe
842 519 918 616 fide
934 520 1030 605 bona,
1051 544 1121 592 non
1137 463 1380 617 perfunctorie
1412 603 1420 614 ,

570 649 603 711 et
614 636 815 735 presormc
831 635 1057 732 conflanda.

293 803 374 889 Quo
390 804 517 876 melius
533 805 603 878 illis
619 806 851 878 incommodis
873 813 1087 890 occurratur,
1105 827 1183 898 quae
1199 827 1246 876 cx
1263 803 1384 875 detec-

246 921 381 991 tionum
398 921 573 992 schedulis
590 922 664 992 sire
686 921 791 1007 billis,
809 945 895 1014 quas
912 930 1049 1006 vocant,
1065 945 1212 1016 propere
1229 929 1266 992 et
1285 920 1385 992 festi-

245 1045 371 1108 nanter
388 1037 566 1122 confectis,
583 1039 621 1110 in
643 1038 726 1130 ipsis
748 1037 913 1109 videlicet
934 1039 1057 1110 diebus
1078 1039 1329 1122 visitationum,
1346 1045 1410 1110 ets

245 1152 467 1246 synodorum,
497 1152 669 1224 hactenus
694 1161 832 1226 constat
857 1155 1037 1238 evenisse;
1066 1163 1240 1228 statutum
1266 1162 1320 1226 est
1347 1163 1384 1226 et

246 1269 438 1352 decretum,
455 1278 497 1339 ut
513 1269 662 1362 quilibet
679 1270 915 1353 cancellarius,
932 1271 1205 1354 archidiaconus,
1222 1272 1384 1343 commis-

246 1385 364 1468 sarius,
394 1384 559 1470 officiahs,
589 1386 719 1478 aliique
742 1386 802 1480 jus
831 1387 990 1459 dicentes
1019 1386 1308 1472 ecclesiasticum,
1338 1386 1383 1458 ad

245 1509 386 1593 tempus
414 1523 675 1573 oeconomorum
701 1503 904 1594 juramento
938 1504 1134 1600 praestando
1163 1512 1381 1589 consuetum,

246 1620 403 1711 itemque
433 1619 713 1712 archiepiscopus
738 1629 776 1692 et
805 1622 959 1716 episcopi
985 1643 1116 1705 omnes,
1141 1623 1279 1716 quoties
1305 1621 1431 1692 risi-¹0

201 1797 206 1823 ,
246 1736 398 1806 tationes
423 1759 502 1806 suas
527 1736 697 1820 indicunt,
726 1737 969 1830 parochiarum
999 1737 1158 1808 omnium
1184 1736 1384 1822 oeconomis,

247 1861 285 1924 et
306 1853 578 1946 inquisitoribus,
605 1855 677 1924 sive
702 1854 955 1937 assistentibus,
977 1863 1039 1924 aut
1064 1877 1187 1925 eorum
1211 1853 1386 1946 aliquibus

247 1971 390 2040 tradant
418 1977 481 2039 aut
510 1971 601 2040 tradi
628 1979 752 2041 curent
782 1970 888 2042 libros
917 1968 1155 2054 articulorum,
1185 1970 1230 2040 de
1259 1970 1386 2062 quibus

247 2087 389 2156 eosdem
414 2085 525 2156 velint
543 2086 759 2158 detectiones
783 2108 863 2160 suas
888 2107 980 2156 anno
1002 2087 1211 2188 insequente
1231 2085 1276 2156 ad
1294 2093 1387 2158 stata

247 2211 407 2296 tempora
429 2203 646 2274 exhibendas
671 2205 876 2287 instituere;
902 2204 940 2272 in
962 2226 1032 2295 quo
1053 2204 1140 2272 item
1165 2202 1254 2273 libro
1279 2225 1387 2296 appo·
1395 2230 1428 2291 15

247 2329 352 2391 netur
368 2322 481 2390 forma
496 2319 699 2412 juramenti,
716 2344 787 2414 quo
804 2321 925 2391 statim
944 2326 1027 2389 ante
1044 2318 1197 2413 singulas
1214 2319 1385 2411 ejusmodi

246 2438 531 2531 praesentationes
548 2439 618 2508 sint
635 2437 801 2509 onerandi
816 2461 825 2520 ;
850 2445 892 2508 ut
909 2435 1022 2529 spatio
1040 2435 1226 2506 sufficienti
1240 2437 1323 2507 dato
1340 2437 1386 2506 ad

248 2551 528 2633 examinandam,
545 2559 583 2620 et
599 2551 883 2644 perpendendam
902 2558 978 2621 tum
993 2549 1188 2642 juramenti
1205 2549 1258 2618 sui
1276 2547 1388 2640 quali·

247 2676 371 2750 tatem,
389 2677 467 2745 tum
485 2667 593 2737 etiam
606 2666 846 2748 articulorum,
858 2665 985 2758 quibus
1000 2665 1156 2762 ipsorum
1169 2664 1387 2736 detectiones

248 2784 314 2853 niti
344 2783 506 2866 debeant,
535 2781 727 2855 deliberate
752 2791 790 2852 et
815 2804 897 2854 cum
921 2781 992 2853 fide
1021 2781 1162 2854 easdem
1192 2780 1287 2851 domi
1317 2802 1432 2850 suaero

247 2897 398 2972 formare
414 2898 560 2992 possint,
572 2899 617 2970 ad
631 2898 861 2972 conscientias
874 2919 964 2979 suas,
976 2895 1204 2990 jurisjurandi
1219 2894 1388 2990 religione

241 3018 318 3110 jam
335 3017 530 3100 obstrictas,
547 3017 600 3087 uti
618 3016 745 3110 probos
762 3022 799 3086 et
816 3015 893 3112 pios
910 3015 1024 3098 decet,
1042 3013 1248 3086 liberandas.

248 3329 369 3403 CXX.
406 3329 461 3404 Nc
487 3355 555 3426 quo
580 3332 708 3416 citatio,
733 3332 805 3404 nisi
831 3331 1000 3426 caprensis
1028 3329 1244 3406 scandona
1273 3330 1384 3402 nomi-

582 3447 693 3533 nibus,
710 3472 728 3520 c
745 3447 854 3520 curiis
871 3447 1055 3519 emittatur.

299 3610 432 3685 Nullus
449 3616 642 3708 episcopus,
666 3614 902 3698 cancellarius,
927 3613 1202 3698 archidiaconus,
1218 3611 1386 3697 officialis,
1396 3649 1431 3708 ²5

249 3736 312 3800 aut
345 3728 434 3802 alius
467 3729 617 3822 quilibet
644 3731 758 3824 judex
791 3730 1048 3805 ecclesiasticus
1081 3731 1266 3803 citationes
1298 3729 1389 3802 ullas

248 3844 439 3939 generales,
453 3869 530 3938 quae
543 3846 649 3941 vulgo
666 3857 686 3888 ‘⁶
697 3847 858 3932 Quorum
869 3847 1031 3918 nomina''
1044 3846 1220 3931 dicuutur,
1232 3871 1279 3918 ex
1293 3848 1390 3919 curia

250 3983 313 4034 sua
338 3983 501 4040 emanare
526 3964 702 4055 patiacum
727 3965 794 4037 nisi
819 3965 974 4057 partium
999 3963 1219 4038 citanda-rura
1245 3965 1390 4036 nomina

249 4101 312 4171 per
334 4077 582 4172 registrarium,
600 4079 658 4151 vel
679 4081 754 4172 ejus
778 4081 988 4177 deputatum
1011 4081 1142 4152 diserte
1165 4081 1233 4154 sub
1256 4081 1390 4152 eisdem

250 4194 513 4286 exprimentum
547 4196 749 4288 eaedemque
774 4199 971 4285 citationes,
1000 4221 1082 4272 cum
1111 4198 1312 4270 nominibus
1338 4198 1433 4278 sicso

249 4311 434 4404 inscriptis,
445 4311 575 4403 judicis
592 4311 649 4384 vel
666 4313 742 4404 ejus
758 4314 929 4408 surrogati
948 4313 1202 4408 subscriptione
1218 4323 1256 4386 et
1273 4314 1388 4409 sigillo

250 4426 396 4500 munitae
413 4437 552 4500 exeant.
