3156 4968
194 191 301 278 1604]
424 195 640 261 ommam
655 197 722 262 aas
739 198 860 262 am
876 197 1116 264 emmau
1270 199 1331 263 su

190 367 339 438 durante
369 370 542 464 ejusmodi
568 395 683 466 poena,
707 375 825 446 omnia
849 374 935 446 dicti
961 374 1149 468 registrarii
1178 373 1331 444 officium

191 485 435 581 contingentia
450 498 656 582 exequatur.

189 682 386 760 CXXXV.
424 685 631 772 Feodomm,
659 711 736 784 quc
750 687 849 781 juris
872 686 1089 762 emlasiuatici
1114 687 1330 760 administris

413 803 584 890 Mentor,
602 829 720 877 seusus
736 800 829 877 debet
844 829 915 878 osse
930 807 1105 878 statarius.

242 951 378 1025 Nullus
407 956 600 1050 episcopus,
630 955 877 1050 suffraganeus,
901 957 1136 1040 cancellarius,
1167 958 1355 1036 commis-5

188 1068 309 1154 sarius,
338 1069 612 1156 archidiaconns,
644 1071 810 1157 officialis,
839 1082 904 1145 aut
932 1074 1021 1146 alius
1055 1073 1329 1146 ecclesiasticam

182 1184 464 1276 jurisdictionem
481 1211 727 1281 quemcunque
744 1211 921 1273 exercens,
939 1213 1006 1261 nec
1029 1189 1123 1260 ullus
1139 1187 1329 1282 cujuslibet

187 1302 295 1372 curiae
313 1302 558 1374 ecclesiastica
578 1306 809 1398 registrarius,
826 1305 884 1377 vel
906 1306 1112 1377 administer
1128 1303 1329 1396 quicunque

188 1417 291 1488 dictis
308 1417 482 1490 officiariis
506 1418 563 1490 vel
586 1422 691 1492 curiis
715 1423 945 1506 subserviens,
963 1446 1026 1517 pro
1049 1421 1207 1514 quelibet
1225 1443 1330 1491 causa

188 1534 225 1602 in
255 1532 396 1604 illorum
426 1536 531 1606 curiis
563 1545 735 1628 promota,
765 1537 834 1609 alia
862 1547 925 1609 aut
957 1538 1091 1630 majora
1118 1537 1223 1608 feoda
1255 1539 1373 1608 sivero

187 1648 312 1723 salaria
337 1652 502 1746 deinceps
527 1653 682 1746 recipiet,
707 1677 814 1746 quarn
839 1678 891 1737 ea,
917 1678 994 1747 quae
1019 1676 1111 1724 anno
1135 1673 1328 1724 unxcvrr.

188 1769 475 1840 reverendissimo
488 1770 578 1862 patri
593 1767 809 1853 D.Johanni‚
819 1793 931 1864 nuper
940 1769 1184 1842 cantuariensi
1197 1769 1329 1840 archie-

187 1885 340 1979 piscopo,
357 1886 557 1970 certificata,
575 1895 613 1957 et
634 1887 680 1959 ab
702 1889 829 1960 eodem
851 1897 928 1976 rata
948 1896 1041 1971 sunt,
1063 1896 1101 1959 et
1125 1887 1326 1980 approbata

188 2001 322 2086 Quodsi
348 2003 426 2094 quis
448 2003 561 2095 judex
588 2012 652 2074 aut
676 2006 905 2099 registrarius,
931 2005 988 2076 vel
1017 2027 1140 2076 eorum
1169 2003 1329 2075 minister

187 2119 313 2212 aliquis
329 2120 586 2205 contrafecerit,
603 2144 667 2213 pro
685 2121 830 2216 singulis
847 2122 1019 2214 ejusmodi
1035 2119 1173 2192 delictis
1189 2142 1252 2213 per
1264 2142 1327 2190 sex
1339 2143 1371 2202 15

187 2260 326 2309 menses
348 2237 453 2308 officii
476 2240 530 2310 sni
556 2239 726 2310 exercitio
750 2239 955 2332 privabitur.
1006 2227 1151 2309 Proviso
1178 2258 1326 2329 semper,

187 2354 311 2447 quodsi
337 2354 483 2425 dubium
510 2353 652 2447 aliquod
678 2356 722 2426 de
748 2355 873 2426 talium
899 2355 1092 2436 feodorum,
1116 2361 1179 2424 ant
1203 2377 1325 2426 eorum

187 2469 375 2562 cujuslibet
391 2479 488 2540 certa
509 2493 646 2542 summa
663 2473 744 2542 oriri
769 2471 966 2565 contigerit,
984 2480 1062 2541 tum
1080 2493 1123 2542 ea
1139 2470 1243 2540 feoda
1262 2493 1325 2564 pro

187 2585 353 2680 legitimis
372 2586 636 2679 judicabuntur,
661 2611 738 2680 quae
760 2611 823 2681 per
847 2585 1146 2682 archiepiscopum
1172 2585 1327 2658 Contun-

187 2703 337 2773 riensem
354 2725 418 2795 pro
435 2712 595 2798 tempore
612 2706 825 2776 existentem
842 2703 908 2775 sub
924 2726 1049 2774 manus
1067 2725 1137 2774 susc
1152 2703 1370 2796 subscrip-20

187 2820 284 2891 tione
309 2828 413 2890 erunt
436 2821 636 2914 approbata,
660 2822 725 2892 nisi
749 2829 884 2892 statuta
906 2820 1011 2913 hujus
1036 2821 1134 2914 regni
1154 2819 1325 2892 hactenus

187 2936 283 3006 edita
298 2937 335 3006 in
358 2935 559 3030 particulari
582 2937 699 3031 aliquo
716 2960 798 3010 casu
819 2937 888 3008 alia
904 2959 1068 3028 expresse
1089 2936 1324 3029 prestiterim.

187 3051 332 3123 Proviso
353 3054 472 3135 etiam,
490 3054 584 3147 quod
608 3055 695 3125 nihil
721 3053 835 3125 salarii
858 3059 921 3124 aut
944 3052 1103 3144 pecnniae
1125 3052 1323 3144 recipietur,

187 3167 245 3240 vel
274 3191 337 3262 per
362 3170 673 3264 archiepiscopum,
700 3169 756 3241 vel
785 3191 849 3262 per
878 3168 1093 3261 episcopum,
1117 3176 1180 3237 aut
1204 3165 1325 3238 suffra-

186 3307 339 3380 ganeum
355 3285 469 3356 ullum
486 3287 619 3358 directe
636 3295 698 3358 aut
714 3286 884 3356 indirecte
901 3307 964 3377 pro
981 3282 1140 3376 quolibet
1156 3284 1193 3353 in
1210 3303 1367 3373 sacros25

187 3399 326 3470 ordines
342 3399 582 3491 suscipiend03
607 3423 673 3472 nec
689 3398 784 3491 quod
802 3395 919 3491 aliqua
935 3418 1082 3490 persona
1094 3395 1152 3468 vel
1167 3418 1323 3490 personae

187 3515 319 3586 eisdem
349 3513 621 3608 archiepiscopo,
649 3516 824 3608 episcopo,
854 3512 911 3584 vel
941 3512 1158 3607 suffraganeo
1188 3511 1325 3584 subser-

186 3631 334 3714 vientes,
360 3654 422 3724 pro
447 3631 661 3713 membrana,
685 3631 883 3723 scriptione,
908 3653 996 3713 cera
1023 3627 1242 3724 sigillatione,
1265 3629 1323 3701 vel

186 3746 256 3817 alia
272 3748 393 3839 quavis
410 3769 514 3818 causa
530 3747 597 3818 hoc
619 3747 803 3840 negotium
820 3747 1056 3840 contingente,
1073 3767 1179 3838 supra
1199 3745 1321 3816 decem

186 3861 316 3934 solidos
343 3863 549 3956 percipient,
575 3862 640 3934 sub
665 3864 776 3956 poenis
801 3862 867 3936 hac
893 3865 930 3936 in
958 3871 1059 3956 parte
1089 3861 1167 3957 lege
1194 3864 1367 3949 consti-30

187 3980 284 4050 tutis.

186 4196 406 4272 CXXXVI.
445 4195 623 4270 Statorius
628 4197 817 4296 feodorum
834 4225 951 4273 aarum
972 4201 1009 4270 in
1033 4197 1162 4272 tabulas
1184 4197 1320 4280 relatus,

303 4311 437 4407 publice
454 4315 491 4388 in
508 4315 722 4388 comistoriis
738 4328 771 4390 ct
787 4316 937 4392 archivis
948 4316 1204 4414 proponendus.
1221 4383 1224 4391 Δ

236 4459 436 4550 statuimus
455 4487 558 4558 porro
580 4475 618 4537 et
640 4469 850 4553 ordinamus,
867 4477 909 4541 ut
931 4471 1099 4563 cujusque
1116 4469 1246 4565 judicis
1267 4491 1323 4537 cc-

742 4603 762 4645 R
