3156 4968
246 211 321 275 244>
476 216 693 283 emmaum
707 217 774 283 anu
790 218 911 284 mnam
926 200 1168 284 meamea.
1324 211 1383 300 [v.

593 493 795 566 Auctoritas
810 493 1031 590 synodorum.

268 664 488 739 CXXXIX.
523 667 687 766 Sycodua
703 669 899 755 coaonae,
915 669 1054 744 ecclesio
1069 668 1357 766 representative.

295 817 460 911 Quisquis
483 819 676 894 decaetero
699 821 896 905 affirmabit,
914 826 1170 893 sacrosanctam
1195 819 1300 912 hujus
1321 840 1383 889 na-

245 936 351 1008 tionis
371 939 543 1032 synodum
565 939 604 1030 in
629 939 760 1011 Christi
784 939 937 1023 nomine,
962 960 1005 1010 ac
1031 939 1075 1010 de
1099 937 1192 1031 regis
1215 935 1383 1006 mandato

245 1061 504 1148 congregatam,
534 1078 606 1125 non
636 1077 712 1142 esse
741 1056 1024 1150 representative
1053 1077 1173 1127 veram
1198 1052 1411 1146 ecclesiam5

244 1167 490 1264 Anglicanam,
516 1173 863 1256 excommunicetur:
892 1194 1114 1266 nequaquam
1139 1169 1382 1254 absolvendus,

242 1286 444 1380 priusquam
472 1287 666 1380 resipuerit,
694 1296 732 1359 et
758 1289 907 1381 impium
932 1287 1027 1360 hunc
1053 1310 1208 1359 errorem
1235 1285 1379 1380 publice

244 1404 426 1475 revocarit.

245 1600 359 1673 CXL.
397 1601 536 1700 Sycodi
551 1612 627 1675 octo
644 1611 713 1674 tom
731 1601 888 1686 absentes,
906 1625 1008 1698 quum
1022 1611 1207 1697 presentes
1223 1599 1381 1700 obliquat.

294 1753 462 1847 Quisquis
479 1755 524 1826 de
544 1763 671 1826 caetero
693 1753 890 1836 affirmabit,
908 1752 1024 1824 nullos
1045 1754 1118 1825 sive
1141 1751 1286 1824 clericos
1309 1753 1429 1822 sivero

245 1866 361 1954 laicos,
378 1872 438 1964 qui
460 1871 498 1941 in
514 1871 638 1942 eadem
656 1893 753 1942 sacra
775 1871 907 1964 synodo
924 1869 1154 1964 personaliter
1169 1892 1239 1941 non
1257 1891 1384 1940 conve-

243 1985 371 2069 nerint,
405 1986 562 2078 ejusdem
596 1986 756 2071 decretis,
790 1987 1042 2059 ecclesiasticas
1081 2009 1202 2059 causas
1242 2009 1384 2057 concer-

243 2103 420 2184 nentibus,
438 2104 664 2196 quantumvis
681 2127 726 2174 ex
749 2127 913 2197 suprema
928 2104 1033 2198 regiae
1052 2104 1246 2196 majestatis
1262 2112 1385 2175 aucto·

244 2219 351 2289 ritate
375 2219 535 2303 conditis,
553 2225 590 2290 et
615 2241 679 2311 per
698 2220 847 2290 eandem
869 2219 1076 2302 ratihabitio,
1093 2219 1271 2291 ullatenus
1295 2220 1385 2314 obli-¹

244 2337 329 2430 gari,
363 2344 404 2406 ut
437 2334 564 2428 quibus
596 2335 663 2428 ipsi
696 2344 820 2406 votum
853 2344 891 2408 et
928 2357 1137 2408 consensum
1174 2359 1277 2408 suum
1311 2360 1428 2430 non15

245 2452 467 2546 praebuerint,
501 2451 851 2535 excommunicetur3
887 2473 1108 2546 nequaquam
1140 2453 1383 2538 absolvendus,

244 2567 446 2662 priusquam
475 2567 669 2662 resipuerit,
695 2587 737 2640 ac
766 2567 915 2660 impium
940 2569 1034 2640 hunc
1061 2591 1214 2640 errorem
1241 2570 1387 2662 publice

245 2687 426 2758 revocarit.

355 2883 489 2956 CXLI.
527 2881 666 2980 Sycodi
681 2885 880 2956 auctoritati
896 2883 1102 2982 deropocter,
1121 2886 1271 2958 coerciti.

296 3036 463 3131 Quisquis
480 3037 525 3108 de
542 3043 668 3108 caetero
686 3035 882 3119 affirmabit,
901 3036 1033 3106 dictam
1050 3057 1182 3108 sacram
1199 3039 1381 3132 synodum,
1394 3078 1430 3118 20

245 3161 493 3248 eongregotam
510 3162 681 3246 utsupra,
699 3153 806 3224 fuisse
823 3161 955 3223 coetum
972 3175 1018 3223 ex
1036 3151 1166 3225 talibus
1180 3153 1383 3240 conflatum,

246 3270 306 3362 qui
323 3271 358 3339 in
376 3270 451 3363 pios
468 3277 506 3340 et
523 3267 702 3363 religiosos
714 3267 887 3362 evangelii
903 3267 1114 3360 professores
1127 3270 1384 3362 conspirabant,

246 3411 288 3458 ac
303 3387 450 3481 proinde
467 3395 544 3457 tum
562 3387 667 3479 ipsoa
685 3395 763 3456 tum
779 3386 934 3478 ipsorum
951 3393 1031 3454 aeta
1048 3385 1084 3454 in
1102 3387 1294 3457 canonibus
1310 3387 1384 3459 sive

246 3504 555 3576 constitutionibus
571 3503 662 3574 circa
680 3524 802 3573 causas
822 3500 1076 3574 ecclesiasticas
1093 3525 1138 3573 ex
1155 3503 1247 3596 regis
1264 3511 1385 3574 aucto·

246 3621 362 3704 ritate,
387 3626 429 3689 ut
453 3617 659 3711 praedictum
684 3627 749 3702 est,
776 3617 967 3689 condendis
991 3641 1033 3689 ac
1057 3618 1251 3690 sanciendis
1276 3619 1383 3713 rejici,
1394 3653 1429 3711 ²5

246 3759 287 3806 ac
311 3736 490 3806 contemni
515 3734 654 3819 debere,
676 3734 900 3827 quantumvis
922 3735 1055 3805 eaedem
1079 3757 1143 3828 per
1166 3735 1298 3806 dictam
1322 3759 1385 3829 po-

248 3861 414 3924 testatem
430 3853 572 3945 regiam,
590 3875 631 3922 aa
648 3873 847 3944 supremam
864 3851 1020 3945 ejusdem
1037 3852 1284 3924 auctoritatem
1301 3854 1385 3923 rati-

246 3969 386 4052 habite,
412 3967 635 4051 confirmatae,
660 3990 701 4038 ae
731 3966 896 4061 injunctae
926 3968 1006 4051 sint,
1034 3969 1385 4054 excommunicetur;

246 4085 516 4178 haudquaquam
543 4083 785 4167 absolvendus,
808 4085 1012 4177 priusquam
1037 4085 1230 4178 resipuerit,
1255 4109 1296 4157 ac
1319 4086 1385 4156 im-

247 4203 345 4295 pium
362 4201 625 4320 huncerrprem
642 4200 783 4294 publice
799 4203 983 4272 revocarit.
1394 4241 1431 4296 30
