3140 4972
205 192 313 279 1⁶04]
428 196 645 263 &noticiam
660 199 727 262 and
744 200 865 264 Oenone
881 201 1121 268 Ecebnbaticul.
1281 203 1347 272 219

203 392 310 461 quem
333 393 444 456 secus,
461 396 567 464 quam
584 383 625 445 ut
648 377 869 467 praemissum
886 384 950 461 est,
968 379 1140 461 citaverit,
1158 386 1221 449 aut
1244 379 1345 448 citari

203 484 262 556 rel
273 489 409 557 moneri
427 491 472 559 ad
485 492 619 561 curiam
636 513 735 561 suam
753 491 888 575 fecerit,
902 493 1054 563 eundem
1069 516 1240 586 expensas
1253 495 1346 587 parti

202 603 253 674 sio
270 604 389 674 citatae
407 605 463 676 vel
481 609 627 680 monitae
644 609 830 679 refundere
847 608 1019 692 volumus,
1037 618 1075 680 et
1091 620 1171 680 acta
1187 612 1345 704 ejusdem

201 721 279 812 ipso
305 722 386 813 jure
416 747 536 808 vacua,
567 737 605 796 et
638 749 700 819 pro
729 727 835 797 nullis
865 726 1028 797 habenda
1060 728 1343 819 pronunciamus.

203 835 301 920 Quas
318 862 488 932 expensas
506 843 535 912 si
552 841 608 912 vel
623 842 748 935 judex,
766 842 823 912 vel
847 843 1074 936 registrarius,
1093 842 1150 913 vel
1168 844 1370 936 apparitor5

202 953 322 1026 taliter
346 959 538 1051 rependere
563 958 822 1042 detrectaverit,
843 957 1126 1030 ab'executione
1150 959 1254 1030 officii
1277 959 1343 1041 sui,

202 1073 315 1144 donec
331 1073 419 1147 illud
436 1077 652 1171 praestiterit,
670 1076 911 1170 suspendetur.

202 1323 343 1396 XCIV.
381 1324 428 1396 In
445 1327 562 1398 curius
578 1325 620 1398 de
637 1323 791 1408 crudus,
803 1335 835 1396 et
847 1325 1034 1398 audientiae
1046 1335 1145 1396 cetra
1157 1326 1343 1421 proprium

254 1444 468 1516 territorium
488 1446 575 1536 (nisi
598 1444 822 1516 consentiente
846 1443 1001 1539 episcopo
1025 1442 1228 1538 diocesano)
1246 1467 1344 1514 nemo

251 1558 419 1632 citandus.
1355 1576 1388 1615 10

253 1706 383 1801 Neque
405 1711 559 1781 decanus
582 1709 627 1779 de
652 1709 811 1789 arcubus,
829 1731 945 1800 neque
968 1709 1125 1779 officialis
1148 1710 1343 1780 consistorii

202 1825 515 1922 archiepiscopalis,
538 1849 654 1919 neque
672 1826 787 1918 judex
813 1825 1003 1896 audientiae
1028 1825 1175 1918 posthac
1200 1827 1344 1896 nomine

201 1942 260 2013 vel
276 1965 350 2026 suo,
367 1943 425 2014 vel
443 1942 694 2036 archiepiscopi
712 1941 973 2013 Cantuariensis
991 1942 1063 2012 sive
1080 1965 1125 2012 ex
1139 1942 1253 2013 officio
1270 1944 1344 2013 sive

201 2059 247 2129 ad
266 2059 469 2130 instantiam
486 2061 595 2154 partis
612 2059 828 2160 originaliter
844 2059 980 2142 citabit,
997 2059 1166 2142 monebit,
1181 2067 1243 2130 aut
1256 2081 1343 2150 quo-

200 2178 378 2267 quomodo
394 2177 593 2271 compellet,
612 2175 669 2246 vel
686 2177 797 2258 citari,
815 2177 960 2259 moneri,
978 2185 1041 2247 aut
1058 2174 1223 2269 compelli
1236 2175 1386 2248 faciet15

198 2291 364 2385 aliquem,
393 2295 455 2388 qui
487 2293 735 2389 particularem
765 2293 852 2363 dicti
884 2292 1134 2385 archiepiscopi
1164 2291 1340 2375 dioecesin,

198 2407 256 2479 rel
282 2409 477 2502 peculiares
508 2412 666 2503 ejusdem
689 2409 951 2503 jurisdictiones
975 2430 1048 2478 non
1077 2407 1262 2491 inhabitat,
1294 2408 1340 2478 ad

198 2527 474 2620 comparendum
491 2551 608 2599 coram
626 2527 709 2620 ipsis
727 2526 784 2596 vel
801 2528 956 2619 ipsorum
972 2524 1101 2616 aliquo,
1119 2547 1224 2617 super
1236 2547 1340 2595 causa

198 2643 257 2714 vel
283 2667 321 2713 re
351 2667 560 2736 quacunque
589 2643 635 2714 ad
664 2644 902 2738 cognitionem
931 2640 1203 2713 ecclesiasticam
1232 2641 1340 2733 perti-

198 2768 317 2842 nente,
358 2760 490 2851 absque
525 2759 710 2829 dioecesani
746 2760 799 2830 sui
833 2759 977 2830 licentia
1009 2758 1106 2850 prius
1139 2758 1337 2850 impetrata,
1349 2777 1385 2816 ²0

198 2883 301 2946 extra
323 2897 423 2946 casus
446 2875 614 2969 speciales
634 2875 672 2944 in
694 2882 839 2958 statuto,
857 2897 950 2944 anno
968 2893 1078 2942 xxm.
1098 2871 1209 2943 Henr.
1228 2871 1338 2944 VIII.

198 3015 273 3084 cap.
288 2997 322 3071 9.
341 2993 469 3062 diserte
492 3000 688 3085 exemptos,
706 2999 744 3060 et
764 2997 968 3061 reservatos.
1019 2988 1155 3073 Quodsi
1171 2989 1249 3081 quis
1267 2990 1341 3060 dio-

198 3115 315 3178 torum
342 3108 505 3199 judicum
538 3105 795 3189 contrafecerit,
828 3107 857 3177 is
891 3129 953 3198 pro
988 3105 1133 3199 singulis
1154 3097 1339 3199 'ejusmodi

198 3224 336 3298 delictis
360 3226 405 3296 ab
430 3225 535 3296 officii
561 3224 615 3295 sui
643 3222 812 3293 exercitio
840 3244 903 3315 per
929 3231 1001 3292 tres
1027 3245 1165 3294 menses
1195 3245 1339 3316 suspen-

199 3339 313 3412 detur.
1350 3351 1384 3410 25

199 3587 318 3662 XCV.
356 3589 522 3685 Duplices
539 3587 694 3685 querele,
713 3589 784 3659 nisi
799 3586 891 3681 jurii
906 3589 1123 3686 pronominis
1135 3587 1239 3686 sactu
1252 3587 1337 3684 fide,

388 3708 427 3776 in
444 3709 552 3778 cumis
570 3704 819 3801 archiepiscopi
836 3729 904 3776 non
921 3703 1151 3777 concedendo.

123 3871 130 3886 '
247 3872 409 3945 Tametsi
442 3875 600 3967 pristinae
634 3873 905 3946 constitutiones
939 3872 1095 3944 ecclesiae
1129 3871 1339 3967 Anglicanae

197 3991 347 4061 duomm
364 3993 539 4064 mensium
557 4003 697 4084 tempus
715 3992 887 4084 episcopis
904 3988 1122 4072 indulserint,
1138 3990 1229 4060 infra
1244 3990 1339 4082 quod

197 4109 242 4178 de
272 4109 480 4180 sufficientia
513 4119 550 4180 et
583 4109 755 4202 qualitate
789 4109 958 4199 cujusque
990 4107 1153 4189 ministri,
1183 4108 1243 4199 qni
1273 4108 1339 4199 ipsi
1349 4145 1385 4200 30

196 4234 426 4317 praesentatus
459 4235 560 4310 esset,
595 4227 632 4295 in
664 4225 876 4296 beneficium
909 4223 1051 4316 aliquod
1090 4223 1338 4307 instituendus,

197 4341 372 4434 inquirere
397 4352 435 4413 et
464 4340 602 4435 plenius
631 4342 809 4412 informari
841 4349 978 4435 posset3
1017 4363 1081 4411 nos
1111 4349 1231 4410 tamen
1261 4341 1338 4432 qui-

195 4458 346 4529 busdam
379 4458 612 4530 iuoommodis
646 4480 829 4529 occurrere
858 4455 1028 4541 volentes,
1063 4457 1215 4549 spatium
1253 4455 1341 4527 illud
