3140 4972
211 209 274 275 142
448 212 658 280 Constitutione
671 213 738 278 aad
752 213 870 277 Conona
883 207 1349 296 amaricantium.

211 387 385 480 episcopo,
403 388 448 459 ab
473 387 694 460 ordinatione
715 387 957 457 ministrorum
979 393 1017 456 et
1034 384 1262 454 &annuorum
1287 406 1350 477 per

210 503 388 598 integrum
405 505 588 576 biennium
606 501 849 598 suspendatur,
867 525 908 574 ao
925 524 1004 572 eam
1022 509 1191 594 praeterea
1207 523 1349 594 poenam

210 620 375 702 incurrat,
389 644 466 712 quae
479 621 524 691 de
534 622 616 714 jure
629 621 666 690 in
679 619 852 712 ejusmodi
869 619 1060 712 episcopos,
1074 618 1136 710 qui
1152 617 1198 688 ad
1211 618 1350 688 ordines

210 733 465 808 ecclesiasticos
482 739 557 809 sine
574 736 680 808 titulo
697 735 851 827 aliquem
867 733 1136 827 promovebunt,
1154 733 1333 804 statuitur.

260 849 408 937 Adhaec,
429 877 475 924 ne
498 853 576 946 quis
601 854 785 946 episcopus
807 849 960 943 aliquem
984 851 1022 920 in
1044 850 1256 921 beneficium
1280 849 1375 944 (ntis

211 973 354 1062 vocant)
372 971 545 1053 instituat,
563 971 629 1041 nisi
647 970 706 1062 qui
728 967 904 1061 praedictis
924 966 1185 1037 conditionibus
1207 975 1351 1038 omatus

212 1084 330 1155 fuerit.

262 1196 398 1281 Quodsi
408 1199 505 1269 curia
517 1199 562 1269 de
574 1199 723 1270 arcubus
736 1206 798 1268 aut
815 1198 1002 1270 audientia
1019 1222 1083 1293 per
1094 1201 1188 1270 viam
1202 1198 1351 1292 duplicis

212 1314 372 1407 querelae,
393 1337 456 1386 seu
480 1314 550 1387 alio
575 1315 699 1408 quovis
723 1314 830 1385 modo
853 1323 976 1385 contra
999 1317 1202 1409 episcopum
1225 1315 1291 1386 hac
1314 1316 1351 1384 in

212 1440 312 1523 parte
329 1439 422 1524 agat,
439 1432 522 1523 quia
545 1431 706 1502 homines
725 1433 871 1502 minime
896 1431 1041 1504 idoneos
1066 1455 1108 1502 ac
1133 1431 1268 1502 habiles
1289 1432 1351 1502 ad-
1362 1459 1395 1499 10

212 1547 355 1616 mittere
372 1549 513 1632 renuit;
539 1557 625 1619 tunc
642 1548 764 1619 licebit
780 1549 1051 1643 archiepiscopo,
1066 1548 1123 1620 vel
1139 1550 1351 1620 auctoritate

212 1664 360 1756 propria,
382 1662 439 1732 vel
463 1665 577 1758 gratia
600 1663 742 1758 speciali
768 1687 790 1736 a
814 1667 910 1760 regia
937 1667 1123 1760 majestate
1151 1667 1349 1761 impetrata,

212 1781 384 1872 ejusmodi
425 1803 606 1873 processus
643 1790 838 1874 amputare,
874 1805 944 1874 quo
978 1782 1162 1854 laudabilis
1196 1782 1351 1875 episcopi

212 1897 384 1966 industria
401 1896 561 1967 debitum
579 1919 621 1968 ea
637 1897 773 1968 ratione
790 1899 956 1968 sortiatur
973 1897 1150 1970 effectum.

263 2009 438 2104 Denique,
468 2021 511 2083 ut
539 2013 700 2106 quolibet
734 2035 826 2084 anno
859 2013 905 2083 ad
938 2013 1068 2085 festum
1103 2013 1140 2085 S.
1162 2013 1351 2086 Michaelis
1362 2043 1394 2102 15

213 2127 423 2223 archangeli,
440 2128 498 2199 vel
523 2129 616 2200 intra
640 2153 704 2200 sex
728 2129 977 2213 hebdomadas,
998 2131 1094 2201 idem
1115 2131 1247 2200 festum
1270 2129 1351 2200 sub-

212 2255 409 2336 sequentes,
451 2247 689 2339 unusquisqua
733 2246 916 2338 episcopus
957 2269 1154 2328 numerum,
1196 2247 1350 2330 nomina,

211 2361 350 2454 gradus,
372 2370 409 2430 et
430 2360 617 2454 qualitates
643 2385 766 2434 eorum
792 2362 960 2444 omnium,
981 2384 1069 2454 quos
1094 2363 1131 2433 in
1157 2385 1272 2435 sacros
1297 2386 1352 2432 or-

212 2477 321 2561 dines,
347 2476 404 2547 vel
434 2479 470 2547 iu
500 2477 617 2570 aliqua
648 2477 821 2550 beneficia
851 2478 976 2548 eodem
1006 2501 1098 2549 anno
1131 2478 1350 2572 praecedente

212 2593 437 2686 promoverit,
463 2594 507 2664 ad
533 2594 832 2688 archiepiscopum
849 2596 1077 2666 transmittat.
1361 2625 1395 2666 ιο

303 2893 361 2965 De
377 2893 585 2967 moderanda
601 2893 750 2968 romanis
763 2897 970 2991 paenitentia
988 2897 1258 2968 coarmatulr’onc.

264 3059 324 3131 Ne
347 3085 424 3153 quae
445 3063 508 3133 fiat
530 3063 676 3156 posthac
697 3063 850 3135 solennis
874 3064 1092 3156 poeuitentiae
1109 3065 1351 3147 commutatio,

213 3179 280 3248 nisi
303 3179 498 3262 rarioribus,
515 3181 800 3275 gravioribusque
824 3182 869 3251 de
887 3181 1010 3264 causis,
1027 3191 1135 3274 atque
1157 3182 1246 3252 adeo
1269 3205 1352 3252 cum

213 3295 280 3388 ipsi
298 3296 461 3388 episcopo
475 3297 681 3380 constiterit,
694 3319 772 3367 cam
790 3320 866 3368 esse
879 3299 923 3368 ad
940 3321 1040 3369 reum
1054 3295 1352 3369 reconciliandum

214 3421 252 3482 et
269 3411 529 3483 reformandum
548 3414 720 3484 saniorem
737 3423 775 3484 et
792 3416 960 3485 tutiorem
978 3415 1161 3484 rationem.
1361 3429 1395 3487 ²5

264 3525 413 3611 Deinde,
432 3527 526 3620 quod
548 3529 682 3601 mulcta
704 3529 766 3600 illa
786 3531 988 3623 pecuniaria
1004 3530 1062 3600 vel
1088 3533 1125 3600 in
1151 3529 1352 3601 relevamen

214 3667 407 3739 pauperum
426 3645 583 3738 ejusdem
601 3647 783 3740 parochiae,
802 3646 858 3718 vel
881 3648 917 3716 in
934 3645 1021 3718 alios
1038 3648 1114 3740 pios
1131 3669 1215 3717 usus
1232 3669 1354 3741 eroge-

214 3770 282 3844 tur,
311 3761 417 3854 idque
443 3761 599 3833 ecclesiae
623 3762 815 3833 solenniter
840 3773 878 3833 et
901 3763 1054 3834 fideliter
1078 3763 1293 3856 approbetur
1316 3771 1354 3834 et

213 3879 421 3948 innotescat.

264 3993 399 4077 Quodsi
418 4016 501 4064 vero
518 3997 652 4065 crimen
675 3996 782 4068 fuerit
799 3997 977 4067 notorium
995 4021 1037 4068 ac
1063 3997 1255 4091 publicum,
1273 4019 1396 4075 reus³0

213 4113 289 4203 ipse
307 4109 363 4179 vel
386 4112 422 4180 in
440 4112 579 4204 propria
599 4134 662 4184 sua
684 4137 843 4207 persona,
860 4112 1002 4207 publice
1024 4116 1061 4185 in
1079 4115 1227 4186 ecclesia
1243 4118 1354 4208 poeni-

214 4227 364 4296 tentiam
395 4249 495 4298 suam
521 4227 668 4300 minime
696 4231 817 4302 fictam
846 4232 1054 4326 profitendo,
1081 4231 1170 4303 laesae
1197 4231 1354 4304 ecclesis

215 4343 414 4426 satisfaciet,
436 4343 492 4413 vel
519 4342 674 4416 ecclesiae
699 4347 861 4418 minister
884 4348 922 4417 in
948 4349 1132 4440 praesentia
1158 4349 1266 4442 ipsius
1291 4349 1352 4431 rei,

215 4458 329 4551 palam
349 4481 370 4529 e
387 4469 564 4554 suggestu,
582 4462 658 4553 ejus
679 4462 958 4548 submissionem,
982 4473 1019 4536 et
1042 4467 1259 4559 poenitentiae
1283 4489 1353 4538 suae
