3140 4972
204 229 313 312 1604]
424 226 641 292 Gonsfiaaesons
655 225 723 290 aad
737 227 860 290 Conona
875 219 1116 287 Ecdcsmsdcol.
1277 219 1340 284 201

202 425 241 474 se
258 402 496 488 transtulerit;
512 411 599 474 tuno
615 427 679 496 per
694 403 899 495 episcopum
916 398 1162 480 dioecesannm,
1175 393 1232 466 vel
1251 393 1345 464 ordi·

203 519 340 590 naricum
365 517 444 603 loci,
461 521 498 590 in
523 543 593 612 quo
618 518 786 590 residebit
811 515 872 605 (ab
897 516 1010 586 altero
1035 512 1220 596 ordinario,
1243 511 1344 604 cujus

196 633 432 728 jurisdictioni
456 657 495 706 se
521 635 700 718 subduxit,
726 657 769 704 ea
798 634 843 704 de
869 655 908 703 re
937 632 1003 704 sub
1032 631 1141 724 ipsius
1170 649 1279 698 manu
1307 634 1345 697 et

204 749 319 845 sigillo
336 752 522 822 certiorem
539 751 689 844 factum)
706 750 831 822 eadem
848 750 991 822 omnino
1005 769 1152 820 censura
1163 745 1321 818 ferietur.

301 999 442 1072 LXIV.
484 999 604 1072 Ferioe
620 1025 642 1072 a
658 1000 830 1072 ministris
846 995 1030 1070 solenniter
1046 994 1249 1068 indicendis.
1352 1007 1369 1062 5

255 1167 643 1250 Rectores,vica1ii,et
666 1167 779 1238 curati
805 1187 927 1236 omnes
944 1166 982 1235 in
1007 1187 1071 1236 sua
1093 1163 1263 1256 cujusque
1288 1183 1346 1231 ec·

204 1282 311 1354 clesia
327 1283 473 1376 singulis
496 1283 621 1355 diebus
643 1285 836 1366 dominicis,
854 1282 900 1354 ad
921 1292 1063 1376 tempus
1085 1282 1122 1351 in
1145 1280 1235 1352 libro
1255 1277 1346 1371 pub-

204 1399 285 1470 licae
310 1399 463 1494 liturgiae
491 1400 742 1492 praestitutum,
767 1398 899 1492 populo
924 1397 1202 1480 denunciabunt,
1228 1397 1259 1466 si
1285 1395 1345 1488 qui

205 1516 280 1587 dies
309 1515 437 1597 festivi,
467 1524 505 1586 et
534 1514 665 1609 rigiliae
699 1516 737 1585 in
771 1523 979 1606 sequentem
1009 1514 1242 1606 septimanam
1275 1511 1346 1583 sint

206 1633 391 1702 institutae.
443 1630 578 1715 Quodsi
601 1633 679 1724 quis
702 1631 867 1724 deinceps
887 1631 954 1702 hac
977 1632 1014 1701 in
1037 1653 1076 1702 re
1094 1630 1215 1701 volens
1237 1628 1347 1699 offen·
1356 1661 1390 1700 10

206 1748 308 1831 derit,
326 1756 363 1818 et
385 1771 450 1840 per
465 1747 678 1818 ordinarium
701 1769 805 1818 suum
827 1747 938 1819 semel
960 1748 1172 1832 admonitus,
1190 1747 1346 1818 officium

206 1863 295 1934 illud
324 1863 480 1935 secundo
509 1864 675 1947 omiserit,
702 1864 823 1936 debita
842 1865 934 1957 juris
958 1865 1258 1936 animadversione
1282 1885 1347 1955 pu-

206 1981 334 2064 niatur,
364 1981 476 2051 donec
503 1979 587 2050 huic
612 1981 857 2052 constitutioni
886 1979 1122 2074 adimplendae
1151 2003 1189 2052 se
1215 1979 1347 2050 submi·

208 2097 304 2167 serit.

209 2342 329 2417 LXV.
367 2343 576 2418 masana
592 2355 624 2418 ct
640 2347 925 2418 recommunicoti
941 2371 963 2418 a
979 2346 1151 2418 ministris
1163 2341 1347 2418 solenniter
1358 2374 1391 2432 ¹5

655 2463 897 2536 denuntiandi.

207 2743 359 2815 sollicito
379 2745 625 2836 providebunt,
644 2753 685 2816 ut
703 2753 779 2815 tam
796 2748 1093 2818 excommunicati
1114 2769 1159 2817 ex
1183 2769 1236 2829 eo,
1254 2746 1349 2838 quod

207 2859 334 2931 divinis
350 2859 513 2953 precibus
535 2861 627 2931 inira
648 2860 717 2931 hoc
736 2883 885 2956 regnum
903 2859 1047 2956 Angliae
1070 2861 1211 2954 publica
1227 2870 1351 2934 aucto·

207 2977 314 3047 ritate
335 2975 512 3058 stabilitis,
534 2978 704 3048 interesse
723 2979 951 3071 pertinaciter
972 2980 1219 3062 recusaverint,
1243 3001 1394 3072 quamne
1484 3031 1494 3052 .

206 3096 232 3165 ii
257 3096 376 3178 etiam,
394 3095 574 3188 praecipue
590 3096 651 3187 qui
674 3094 828 3167 melioris
852 3104 945 3165 notae
966 3104 1004 3165 et
1026 3096 1236 3167 conditionis
1259 3096 1367 3200 enti-¹

211 3212 331 3295 tarint,
353 3209 592 3306 legitimaque
615 3211 988 3283 excommunicationis
1011 3213 1187 3284 sententia
1208 3219 1352 3305 propter

207 3329 381 3421 insignem
412 3329 680 3413 contumaciam,
709 3329 766 3399 vel
791 3329 952 3422 graviora
976 3327 1092 3422 aliqua
1117 3330 1264 3400 crimina
1289 3328 1352 3399 ob-

208 3445 322 3516 stricti
340 3445 481 3529 fuerint,
498 3446 566 3516 nisi
582 3445 674 3516 infra
690 3454 762 3516 tres
779 3445 964 3516 continuos
985 3467 1124 3516 menses
1145 3453 1225 3538 post
1240 3443 1350 3515 latam

209 3561 585 3633 excommunicationis
607 3563 820 3634 sententiam
837 3583 875 3632 se
899 3561 1174 3646 emendaverint,
1192 3571 1229 3632 et
1250 3561 1394 3652 abso-25

210 3677 356 3748 lutionis
380 3679 531 3771 gratiam
557 3679 687 3749 fuerint
713 3679 903 3762 consecuti,
930 3679 1076 3772 singulis
1100 3702 1145 3750 ex
1172 3680 1351 3751 mensibus

212 3795 441 3887 sequentibus
456 3796 598 3889 publice
615 3797 652 3866 in
669 3796 818 3868 ecclesia
833 3805 912 3867 tum
929 3796 1129 3890 parochiali,
1147 3805 1226 3866 tum
1242 3797 1351 3866 etiam

212 3910 405 3982 cathedrali
423 3912 621 3994 dioeoescos,
636 3914 672 3983 in
686 3935 756 4005 qua
771 3913 943 3997 habitant,
958 3913 1016 3984 dio
1032 3911 1150 4005 aliquo
1163 3913 1350 3996 dominico,

212 4051 255 4099 ac
272 4037 432 4121 tempore
449 4029 647 4100 divinorum
664 4051 728 4122 pro
744 4030 1058 4105 excommunicatis
1071 4052 1135 4122 per
1151 4028 1351 4100 ministrum

213 4144 492 4229 denunciantur;
520 4168 590 4236 quo
607 4144 731 4237 reliqui
756 4155 793 4216 et
816 4145 861 4217 ab
883 4168 1006 4216 eorum
1023 4146 1271 4216 communione
1292 4147 1398 4226 de-so

214 4260 358 4344 clinent,
375 4269 413 4331 et
433 4261 657 4353 procliviores
679 4261 871 4332 reddantur
887 4262 932 4332 ad
955 4260 1063 4331 breve
1080 4262 1124 4332 de
1147 4284 1352 4332 excommu-

212 4377 330 4446 nicato
361 4376 530 4469 capiendo
560 4377 829 4470 procurandum,
855 4401 926 4470 quo
950 4377 1029 4449 illos
1056 4378 1101 4449 ad
1131 4377 1284 4449 officium
1314 4388 1352 4450 et

212 4491 369 4564 debitam
403 4491 643 4564 obedientiam
676 4493 856 4565 reducam.
918 4493 1123 4577 Quinetiam
1162 4495 1352 4589 registrarii
