3140 4972
193 235 299 319 1604]
412 232 630 300 commone
644 231 712 296 aad
728 232 850 298 &nom
863 228 1107 297 Eedmiasticol.
1269 226 1333 293 aot

189 409 306 482 chiam
322 433 416 480 anno
437 411 598 503 proxime
615 407 743 501 elapso,
761 405 861 478 etad
878 406 1013 478 dictum
1033 403 1333 479 Annuneiationis

189 527 285 597 diem
308 527 532 610 terminante,
557 523 615 596 vel
639 524 818 617 baptizati,
842 523 899 593 vel
924 525 1037 617 nupti,
1063 523 1121 595 vel
1141 521 1334 616 sepulturae

189 642 310 714 traditi
332 641 474 725 firerint,
500 640 558 711 die
580 663 622 713 ae
643 661 776 724 mense,
796 639 925 731 quibus
952 639 1091 733 singula
1113 647 1214 734 gesta
1236 645 1331 723 sunt,

190 756 372 853 sigillatim
388 757 581 849 adscriptis,
599 776 682 826 cum
697 755 806 848 ipsius
823 755 931 826 etiam
955 756 1116 839 ministri,
1133 777 1175 826 ac
1191 777 1335 825 oecono-

189 897 330 944 morum
365 872 686 966 subscriptionibus,
720 880 762 942 ut
795 871 884 942 illud
917 873 955 942 in
988 872 1146 964 ejusdem
1178 870 1360 965 episcopis

190 991 341 1063 archivis
372 991 483 1083 possit
512 988 664 1060 fideliter
692 988 883 1072 custodiri;
918 988 1012 1080 quod
1041 989 1228 1081 registrum
1259 987 1333 1058 sive

190 1107 476 1180 certificatorium
492 1105 624 1196 absque
637 1105 741 1176 feodo
757 1105 957 1198 recipietur.
1009 1104 1114 1188 Quod
1128 1105 1157 1174 si
1169 1103 1333 1174 minister

190 1231 254 1295 aut
275 1223 450 1293 oeconomi
473 1223 510 1292 in
535 1223 791 1315 premissorum
813 1223 1024 1294 executione
1046 1221 1261 1292 remissiores
1277 1220 1334 1291 fu·

190 1340 292 1423 erint,
315 1348 394 1409 tum
418 1339 583 1432 episcopo
609 1337 667 1410 vel
696 1339 772 1431 ejus
799 1337 1008 1409 cancellario
1036 1336 1160 1408 licebit
1189 1338 1333 1408 eosdem

190 1458 388 1540 convenire,
418 1465 457 1527 et
486 1465 609 1528 contro
638 1478 698 1526 eos
729 1465 897 1548 tanquam
930 1463 1128 1526 nostrarum
1162 1453 1378 1526 constitu-10

190 1574 330 1646 tionum
347 1581 608 1666 contemptores
625 1570 825 1665 procedere.

191 1837 334 1910 LXXI.
375 1835 541 1911 Ministrr’
557 1838 757 1910 concionum
780 1845 812 1907 et
833 1857 937 1906 ooeaoe
953 1833 1136 1905 dominice
1157 1833 1332 1930 publicum

312 1953 511 2053 relipionem
528 1955 567 2025 ia
578 1953 737 2050 muetos
753 1949 842 2022 cedes
859 1947 1015 2022 invehere
1027 1949 1206 2046 prohibiti.

241 2102 375 2175 Nullus
397 2105 558 2176 minister
580 2105 616 2173 in
633 2103 841 2196 cujusquam
863 2102 1007 2194 privatis
1027 2103 1158 2175 aedibus
1176 2103 1233 2174 vel
1250 2125 1333 2174 oon·

193 2220 400 2305 oionabitur,
417 2220 474 2292 vel
491 2228 710 2292 sacramenta
726 2218 995 2302 administrabit,
1012 2220 1078 2290 nisi
1095 2226 1255 2313 ternpore
1271 2243 1334 2290 ne-
1344 2247 1377 2305 15

196 2337 379 2421 cessitatis,
392 2360 475 2408 oum
488 2339 566 2431 quis
582 2335 640 2407 vel
656 2359 720 2428 per
735 2333 1016 2406 imbecillitatem
1034 2337 1219 2409 ecclesiam
1236 2337 1333 2408 adire

190 2476 263 2524 non
288 2453 418 2537 valens,
444 2453 500 2525 vel
529 2453 654 2525 morbo
682 2453 781 2548 gravi
812 2460 850 2523 et
874 2454 1070 2546 periculoso
1100 2455 1332 2538 conflictatus,

191 2573 402 2642 sacrosancti
436 2571 512 2642 fieri
546 2571 720 2665 particeps
753 2571 962 2640 sacramenti
996 2573 1228 2666 expetiverit;
1266 2571 1332 2642 sub

191 2709 295 2780 poena
320 2687 553 2780 suspensionis
578 2709 641 2781 pro
668 2685 798 2758 delicto
828 2687 951 2778 primo,
982 2696 1021 2758 et
1050 2687 1334 2758 excommunica

191 2803 298 2875 tionis
320 2826 383 2896 pro
408 2804 573 2875 secundo.
625 2803 780 2886 Proviso,
798 2801 876 2874 illas
899 2804 995 2874 aedes
1019 2803 1077 2874 hic
1103 2827 1165 2896 pro
1188 2805 1377 2897 privatis²0

192 2919 337 3001 oenseri,
355 2918 537 3011 inquibus
553 2919 651 2990 nulla
668 2919 790 2990 existit
807 2917 942 3010 capella
959 2928 1171 3004 consecrata,
1189 2943 1230 2990 au
1247 2919 1335 3014 legi-

191 3035 258 3106 bus
282 3035 386 3126 hujus
408 3037 507 3129 regni
530 3035 774 3107 ecclesiasticis
796 3034 999 3128 approbata.
1052 3035 1196 3106 Proviso
1213 3037 1333 3119 etiam,

192 3151 258 3222 sub
281 3153 394 3245 poenis
418 3152 637 3244 supradietis,
654 3175 700 3222 ne
724 3151 803 3242 quis
827 3149 1028 3242 capellanus
1048 3149 1104 3220 vel
1128 3153 1334 3222 concionem

191 3265 333 3350 babeat,
349 3266 407 3337 vel
424 3291 557 3338 sacram
575 3270 860 3338 communionem
876 3267 961 3338 alibi
977 3268 1209 3352 administret,
1226 3289 1333 3360 quam

192 3382 230 3453 in
260 3383 402 3476 capellis
432 3385 564 3456 aedium
592 3385 859 3477 praedictarum3
901 3385 1007 3478 idque
1036 3377 1113 3456 raro
1143 3387 1334 3458 admodum
1343 3409 1378 3468 ²5

193 3498 300 3570 faeiat
317 3499 354 3570 in
370 3499 494 3572 diebus
511 3500 695 3572 dominicis
708 3513 746 3572 et
763 3501 908 3584 festivis,
921 3509 963 3571 ut
976 3502 1108 3572 domini
1121 3511 1159 3573 et
1176 3502 1336 3598 magistri

193 3613 333 3686 illamm
363 3617 495 3688 aedium
525 3639 607 3688 oum
633 3619 704 3690 suis
729 3616 871 3689 familiis
896 3619 934 3689 in
958 3617 1115 3690 ecclesiis
1140 3620 1210 3691 suis
1236 3641 1336 3713 paro-

193 3730 365 3803 chialibus
386 3731 472 3804 alias
495 3734 683 3805 convenire
705 3735 851 3829 possint,
868 3735 1071 3829 ibidemque
1094 3759 1165 3807 una
1189 3737 1266 3808 vico
1290 3735 1336 3808 ad

193 3847 310 3918 minus
327 3848 473 3942 singulis
491 3850 590 3921 annis
607 3851 877 3923 communicare.

196 4112 360 4186 LXXII.
403 4112 569 4187 Ministri
588 4114 729 4212 publica
743 4116 890 4211 Jijuaio,
912 4115 1113 4214 prophetias
1141 4113 1381 4214 appellaturum

320 4240 352 4302 et
368 4233 577 4304 erorcismos
589 4232 729 4328 privato
746 4257 834 4304 ausu
850 4231 1016 4306 oehehruro
1026 4231 1209 4329 prohibiti.

248 4379 382 4452 Nullus
406 4381 568 4453 minister
589 4391 652 4454 aut
672 4359 824 4454 ministri
847 4383 914 4455 nisi
939 4383 1145 4454 mandatum
1168 4392 1206 4455 et
1231 4383 1340 4454 licen·

195 4494 283 4566 tiam
300 4496 454 4591 episcopi
477 4497 664 4572 dioeoesani
687 4500 784 4594 prius
807 4499 1083 4595 impetraverint,
1101 4499 1212 4594 ipsius
1229 4521 1339 4571 manu
