3118 4968
223 207 332 294 1571.]
426 213 429 218 '
450 209 665 278 commem
677 208 744 276 aad
758 211 879 276 Catone
892 209 1128 278 Embdcdiccl.
1302 209 1368 276 rat

221 389 260 454 et
280 391 419 456 veteres
442 385 596 478 episcopi
619 384 838 480 collegerint.
890 385 939 458 Et
962 387 1129 480 quoniam
1153 382 1293 456 articuli
1314 382 1367 455 illi

221 499 400 594 religionis
422 501 630 588 christiane,
645 503 684 573 in
707 503 794 595 quos
816 526 1025 576 consensum
1049 511 1104 576 est
1126 503 1171 574 ab
1194 502 1368 596 episcopis

221 617 258 687 in
275 616 436 712 legitima
452 627 490 689 ct
507 627 629 690 sancta
645 619 787 712 synodo,
799 621 903 713 jussu
919 629 1028 714 atque
1046 621 1259 692 auctoritate
1276 640 1370 689 sere-

222 735 373 805 nissimae
389 735 556 828 principis
574 735 791 806 Ehzabethae
808 745 1002 807 convocata
1018 745 1056 807 ct
1073 735 1260 818 celebrata,
1273 735 1368 805 haud

223 852 330 923 dubie
347 851 489 922 collecti
506 859 590 922 sunt
606 874 652 922 ex
670 852 776 923 sacris
799 851 896 924 libris
915 850 1059 926 Veteris
1076 861 1113 924 et
1131 852 1230 923 Novi
1247 852 1395 932 Testa-5

222 971 346 1054 menti,
373 977 411 1042 et
440 993 522 1041 cum
546 969 677 1042 caelesti
705 970 874 1052 doctrina,
902 993 980 1063 quae
1002 971 1039 1041 in
1062 969 1131 1040 illis
1155 969 1368 1051 continetur,

221 1109 286 1180 per
310 1087 429 1156 omnia
453 1095 676 1179 congruunt;
703 1088 868 1179 quoniam
895 1088 1004 1158 etiam
1032 1087 1122 1158 liber
1146 1084 1369 1179 publicarum

221 1226 377 1297 precum,
395 1212 432 1274 et
453 1201 543 1273 liber
565 1203 610 1273 de
633 1204 902 1299 inauguratione
924 1204 1277 1297 archiepiscoporum,
1295 1201 1370 1293 epi-

223 1342 421 1413 scoporum,
445 1321 730 1414 presbyterorum
753 1331 791 1391 et
817 1321 1046 1391 diaconorum
1069 1317 1157 1389 nihil
1183 1318 1368 1388 continent

221 1436 267 1508 ab
291 1435 353 1506 illa
376 1436 453 1529 ipsu
481 1436 641 1506 doctrina
669 1434 848 1521 alienum3
880 1437 1082 1529 quicunque
1107 1435 1298 1505 mittentur
1322 1434 1413 1504 adro

222 1553 422 1624 docendum
444 1550 624 1645 populum,
642 1551 785 1622 illorum
806 1551 1036 1622 articulorum
1058 1551 1307 1622 auctoritatem
1331 1556 1369 1621 et

222 1669 341 1754 fidem,
358 1691 429 1739 non
452 1677 594 1738 tantum
617 1668 844 1739 concionibus
869 1668 952 1752 suis,
971 1667 1034 1738 sed
1060 1667 1170 1738 etiam
1195 1666 1370 1760 subscrip·

222 1789 320 1858 tione
343 1785 613 1857 confirmabunt.
666 1786 737 1871 Qui
758 1807 859 1857 secus
877 1784 1011 1868 fecerit,
1029 1792 1068 1855 ct
1090 1784 1265 1855 contraria
1287 1783 1369 1855 doc-

222 1904 316 1974 trina
330 1902 502 1997 populum
518 1903 727 1986 turbaverit,
745 1901 1122 1974 excommunicabitur.

273 2019 373 2091 Inter
393 2020 674 2091 concionandum
700 2025 849 2091 utentur
872 2027 972 2088 vesta
1001 2017 1264 2110 quammaxime
1294 2038 1411 2097 nro-15

224 2137 325 2208 desta
349 2145 387 2208 et
411 2136 520 2232 gravi,
538 2159 616 2229 quae
641 2137 776 2221 deceat,
799 2144 907 2229 atque
933 2143 1035 2205 ornet
1059 2133 1261 2205 ministrum
1288 2131 1368 2216 Dei,

223 2253 405 2347 qualisque
430 2254 467 2324 in
492 2251 614 2323 libello
640 2253 923 2325 admonitionum
953 2251 1130 2344 descripta
1155 2258 1222 2321 est.
1286 2249 1368 2321 Nec

223 2370 410 2462 pecuniam
426 2391 490 2462 pro
508 2370 687 2451 concione,
700 2377 764 2439 aut
780 2366 981 2438 mercedem
997 2364 1108 2437 ullam
1121 2366 1287 2460 exigent3
1305 2367 1368 2436 sed

164 2473 170 2484 ’
223 2487 321 2557 victu
338 2495 480 2557 tantum
497 2493 534 2557 et
551 2484 702 2580 simplici
717 2493 899 2579 apparatu,
913 2485 1067 2556 etunius
1082 2482 1196 2554 noctis
1212 2480 1367 2576 hospitio

223 2603 383 2674 contenti
401 2610 516 2674 erunt.
1376 2642 1411 2682 20

274 2719 396 2792 Vanus
413 2728 451 2790 et
473 2718 583 2791 aniles
600 2720 783 2813 opiniones
800 2729 838 2792 et
860 2721 1018 2805 haereses,
1036 2701 1074 2790 it
1094 2740 1228 2790 errores
1250 2718 1368 2812 ponti-

223 2835 330 2919 ficios,
354 2859 377 2907 a
401 2835 570 2919 doctrina,
589 2845 626 2907 et
652 2837 722 2908 fide
744 2837 876 2909 Christi
902 2837 1140 2918 abhorrentes,
1167 2858 1238 2906 non
1264 2835 1368 2904 doce

223 2952 335 3037 bunt;
372 2975 440 3024 nec
473 2953 617 3024 omnino
647 2954 846 3047 quicquam,
877 2977 947 3047 quo
980 2954 1145 3048 imperita
1172 2952 1367 3023 multitudo

224 3068 282 3140 vel
307 3070 353 3141 ad
382 3070 549 3140 novitatis
579 3071 748 3154 studium,
778 3069 835 3141 vel
865 3071 910 3141 ad
940 3070 1205 3141 contentionem
1230 3067 1369 3138 inflam-

223 3194 352 3258 metur.
404 3185 554 3279 Semper
578 3195 699 3258 autem
729 3195 926 3281 proponent
956 3210 1008 3267 ea,
1038 3208 1115 3279 quae
1142 3185 1187 3257 ed
1220 3184 1410 3262 aedifica-25

224 3304 359 3375 tionem
376 3303 519 3387 faciant,
537 3311 575 3374 et
591 3303 769 3375 auditores
786 3302 976 3375 christiana
991 3301 1179 3374 concordia
1201 3309 1239 3372 et
1256 3300 1369 3372 chari-

224 3427 300 3492 tate
317 3419 517 3492 concilient.

687 3637 901 3711 Rcec‘dcntio.

274 3784 451 3858 Absentia
466 3787 615 3881 pastoris
632 3810 654 3858 a
670 3787 846 3858 dominico
864 3808 981 3881 grege,
995 3793 1033 3857 ct
1046 3807 1169 3856 secura
1184 3782 1247 3855 illa
1257 3782 1370 3879 negli-

224 3899 354 3994 gentia,
378 3921 486 3992 quam
511 3900 671 3972 videmus
695 3901 733 3971 in
758 3900 890 3984 multis,
909 3908 947 3971 et
972 3900 1157 3970 destitutio
1182 3898 1367 3968 ministerii
1377 3926 1414 3982 30

225 4025 281 4082 est
303 4033 358 4082 res
382 4018 421 4082 et
442 4013 480 4082 in
505 4034 544 4084 sc
569 4013 672 4098 foeda,
691 4021 728 4084 et
754 4014 874 4085 odiosa
898 4015 935 4084 in
961 4011 1098 4108 vulgus,
1116 4021 1154 4084 et
1178 4011 1370 4105 pernitiosa

224 4127 382 4200 ecclesiae
412 4126 492 4199 Dei.
544 4128 672 4224 Itaque
704 4128 888 4202 hortamur
917 4153 1039 4203 omnes
1073 4138 1230 4224 pastores
1258 4127 1370 4200 eccle·

225 4244 355 4315 siarum
389 4245 426 4315 in
456 4243 613 4316 Domino
642 4244 740 4329 Jcsu,
774 4253 817 4317 ut
849 4248 1110 4341 quamprimum
1144 4246 1291 4318 redeant
1324 4245 1369 4316 ad

224 4359 406 4452 parochias
428 4361 559 4456 quique
582 4383 672 4446 suas,
688 4370 727 4433 et
750 4361 939 4457 diligenter
961 4362 1112 4436 doceant
1135 4358 1369 4456 evangelium,

226 4485 264 4548 et
279 4501 343 4570 pro
359 4477 541 4550 fructuum
558 4501 702 4551 suorum
724 4479 860 4551 ratione
876 4477 974 4552 alant
990 4477 1173 4564 famiham,
1190 4486 1228 4548 et
1252 4476 1412 4573 hospi-35
