3140 4972
204 227 314 313 1604]
424 225 642 294 comm
656 229 724 295 cad
738 231 863 298 comm
878 226 1119 296 Ecdcaiastr'ocl.
1274 227 1335 293 2⁴31

200 401 347 475 nmticis
363 406 518 477 censuris
539 406 733 478 obnoxium
755 405 832 478 aliis
848 405 1067 500 temporibus
1084 405 1220 478 deferre
1237 425 1338 476 recu·

197 519 346 604 saverit;
370 543 486 613 neque
502 545 624 594 eorum
641 522 790 616 quilibet
806 530 887 616 post
904 523 1122 594 deiectiones
1138 543 1218 594 suas
1235 520 1338 592 statis

197 636 414 729 temporibus
442 637 628 722 exhibitas,
657 661 779 711 earum
806 639 988 712 occasione
1018 640 1183 732 deinceps
1210 637 1247 708 in
1274 637 1335 730 jus

196 751 365 838 trahetur,
387 753 454 825 nisi
477 777 523 825 ex
548 754 653 827 certis
677 763 716 826 et
740 754 936 827 manifestis
960 755 1099 827 indiciis
1124 753 1336 825 constiterit

197 889 280 938 eum
306 868 484 940 volentem
501 877 539 941 et
563 869 734 942 scientem
760 871 917 942 omisisse
942 871 1181 942 detectionem
1206 869 1362 940 notoriis

197 983 342 1076 alicujus
358 985 512 1056 criminis
534 994 596 1056 aut
619 987 815 1070 criminum,
832 1010 910 1080 quae
934 987 992 1057 vel
1017 988 1204 1058 commissa
1228 986 1335 1056 fuisse

196 1102 343 1184 noverit,
367 1100 424 1172 rel
446 1102 605 1196 ignorare
630 1100 757 1174 saltem
782 1125 853 1174 non
879 1104 1046 1196 potuerit,
1072 1102 1214 1197 publica
1240 1101 1335 1174 fama

196 1216 321 1288 eadem
352 1215 531 1301 laborare;
571 1217 630 1288 vel
662 1219 729 1290 nisi
762 1218 854 1290 forte
881 1219 980 1313 justa
1008 1243 1113 1292 causa
1142 1219 1334 1302 emerserit,

196 1333 339 1404 eosdem
354 1356 417 1426 pro
434 1333 676 1406 detecticnum
697 1335 854 1429 priorum
874 1335 1122 1430 explanatione
1142 1336 1179 1406 ln
1201 1336 1335 1406 curiam

195 1448 451 1541 compellendi3
477 1473 547 1543 quo
564 1474 657 1535 casu,
675 1451 880 1522 voluntariae
902 1451 1038 1523 scilicet
1058 1451 1263 1535 omissionis,
1280 1474 1335 1521 or·
1346 1470 1379 1511 10

195 1563 319 1635 dinarii
346 1574 469 1638 contra
493 1567 636 1638 eosdem
662 1567 781 1638 taliter
805 1568 1007 1660 procedent,
1036 1567 1334 1661 quemadmodum

194 1679 231 1750 in
244 1683 357 1752 causis
369 1683 552 1775 spontanei
564 1683 637 1777 perj
642 1683 707 1753 urii
719 1685 757 1753 in
769 1684 874 1755 curiis
887 1683 1131 1758 aeclesiasticis
1144 1685 1330 1768 commissi,

195 1795 365 1869 hactenus
381 1797 460 1894 lege
477 1807 622 1870 cautum
638 1807 677 1870 et
692 1800 871 1894 provisum
888 1809 952 1873 est.

193 2094 375 2170 CXVIII.
416 2097 520 2171 Anni
546 2098 737 2195 superioris
761 2101 927 2172 ‹economi
953 2099 1152 2172 delectiones
1178 2123 1259 2174 ruas
1284 2109 1333 2174 tc·

242 2221 366 2285 nouo
394 2211 560 2301 erhtbcre,
582 2217 790 2314 priscoqucm
814 2240 931 2290 recens
960 2215 1056 2290 electi
1083 2241 1208 2290 munuc
1231 2243 1330 2292 etcum
1343 2232 1376 2292 ¹5
1494 2231 1496 2236 '

241 2327 376 2402 adeam.

241 2495 437 2583 OEioonomi,
471 2507 509 2571 et
541 2500 774 2594 inquisitores,
809 2502 866 2573 vel
899 2503 1101 2575 assistentes
1129 2525 1202 2573 non
1235 2503 1331 2595 prius

192 2611 306 2684 officio
336 2635 400 2688 suo
429 2613 535 2687 soluti
563 2616 728 2711 deinceps
757 2617 1011 2714 intelligentur,
1037 2641 1145 2712 quam
1176 2618 1332 2712 ipsorum

191 2749 405 2800 successores
414 2728 658 2822 juramentum
674 2755 779 2804 suum
801 2735 1027 2829 susceperint,
1044 2732 1081 2804 id
1098 2732 1194 2827 quod
1217 2733 1331 2826 prima

191 2853 271 2937 post
295 2846 427 2918 festum
454 2846 635 2920 Paschatis
664 2849 870 2943 septimana,
896 2850 953 2921 vel
979 2849 1098 2944 aliqua
1128 2849 1249 2921 statim
1278 2869 1375 2920 ee-ro

190 2972 331 3054 querite,
348 2987 412 3057 pro
428 2962 571 3036 arbitrio
584 2965 757 3050 ordinarii,
772 2967 847 3037 fieri
865 2966 1037 3039 volumus.
1072 2965 1176 3051 Quod
1189 2973 1330 3057 tempus

191 3077 287 3149 dicto
303 3079 506 3172 juramento
528 3081 755 3176 assignatum,
772 3081 923 3153 alterum
940 3104 1080 3176 semper
1095 3081 1163 3152 erit
1180 3101 1226 3150 ex
1244 3080 1331 3149 duo-

190 3191 257 3264 bus
285 3193 354 3266 illis
382 3195 465 3266 anni
494 3197 665 3290 cujusque
694 3197 922 3289 temporibus,
948 3197 985 3267 in
1015 3195 1142 3288 quibus
1171 3194 1328 3264 omnium

189 3311 431 3402 parochiarum
461 3313 621 3396 ministri,
651 3313 833 3398 oeconomi,
868 3321 906 3385 et
938 3313 1141 3386 assistentes
1169 3309 1241 3381 suis
1274 3331 1330 3380 re-

190 3428 345 3518 spective
372 3428 553 3501 ordinariis
579 3429 800 3502 exhibebunt
827 3429 967 3500 illorum
997 3428 1183 3500 criminum
1210 3424 1371 3508 debeo-25

189 3544 314 3630 tiones,
330 3569 407 3639 quae
419 3548 508 3619 citra
522 3548 701 3640 proximas
717 3547 1005 3641 praesentationes
1017 3545 1055 3615 in
1067 3543 1138 3616 suis
1154 3540 1327 3636 parochiis

189 3659 340 3733 admissa
363 3685 439 3734 esse
461 3664 707 3757 compererint.
736 3755 738 3760 Ι
758 3662 863 3748 Quod
880 3661 1034 3733 officium
1057 3657 1214 3753 praedicti
1236 3679 1328 3728 oeco-

189 3776 285 3846 nomi
325 3777 516 3871 perficient,
554 3787 744 3872 antequam
784 3801 906 3852 recens
944 3778 1050 3849 electi
1082 3775 1256 3848 oeconomi
1289 3781 1327 3844 et

188 3891 391 3964 assistentes
410 3894 653 3986 juramentum
678 3918 781 3967 suum
806 3901 981 3989 prestent,
1003 3914 1118 3986 neque
1143 3889 1214 3964 illis
1238 3887 1327 3960 ulla-

188 4013 292 4079 tenus
316 4009 552 4101 permittetur‚
574 4010 686 4082 dictas
710 4011 966 4105 preteritorum
992 4008 1179 4079 criminum
1206 4005 1369 4095 deice-30

187 4123 301 4195 tiones
330 4124 368 4194 in
392 4125 544 4196 novitios
567 4125 674 4198 hosce
703 4127 856 4220 rejicere,
885 4126 946 4221 qui
974 4147 1104 4196 munus
1130 4144 1234 4195 suum
1263 4123 1324 4194 rix

188 4237 273 4308 dum
303 4239 458 4334 ingressi,
486 4240 677 4312 eorundem
707 4243 819 4336 ignari
843 4265 919 4315 esse
948 4249 1229 4334 presumuntur;
1258 4237 1324 4310 sub

185 4376 291 4446 poeua
315 4357 537 4428 sanctionum
560 4357 598 4426 in
622 4379 682 4429 eos
707 4359 989 4441 constitutarum,
1012 4357 1073 4451 qui
1094 4341 1329 4428 conscientias

186 4479 225 4542 et
239 4471 444 4566 juramenta
459 4497 523 4547 sua
537 4473 583 4546 ud
599 4474 693 4548 hunc
709 4475 855 4548 modum
871 4473 1054 4548 audebunt
1070 4472 1224 4545 eludere.
