3140 4972
212 220 322 305 1604]
439 221 658 286 Constitutione
672 221 741 284 aad
757 223 879 286 Concor
894 211 1136 283 maamad
1287 207 1353 273 uls

209 393 335 478 ferent,
360 403 402 465 ut
426 397 521 467 inter
540 397 674 468 vicinos
699 419 780 468 suos
805 397 960 468 maxime
985 390 1184 484 indigentes
1206 407 1289 456 vere
1313 391 1352 456 et

209 509 363 583 fideliter
378 513 513 606 possint
530 514 702 586 distribui.

328 710 530 784 LXXXV.
567 711 734 785 Erotem
749 721 854 784 sorte
870 719 965 784 uota
981 704 1229 780 omwmoodae.

270 848 507 922 Ecclesiamm
533 853 717 936 oeconomi,
747 861 785 924 et
809 851 1033 944 inquisitores
1058 847 1248 942 diligenter
1273 867 1353 937 pro-

210 966 372 1060 spicient,
390 975 431 1038 nt
446 968 602 1042 ecclesie
625 991 696 1040 suae
712 969 821 1062 probe
844 975 883 1038 et
907 987 1061 1060 congrue
1081 969 1296 1057 reparentur,
1315 968 1378 1041 εις

210 1086 261 1156 sic
287 1094 458 1179 perpetuo
483 1087 750 1171 custodiantur3
770 1093 813 1156 ut
835 1085 999 1156 fenestrae
1025 1081 1117 1152 bene
1140 1078 1285 1161 vittata,
1310 1099 1352 1148 sc

210 1202 414 1294 pavimenta
436 1201 542 1296 plana
563 1211 602 1274 et
627 1201 814 1295 aequabilia
839 1202 1016 1282 existant;
1046 1197 1206 1289 adeoque
1235 1194 1354 1265 omnia

210 1315 358 1388 honeste
386 1326 423 1390 et
449 1318 575 1391 decore
598 1321 637 1390 in
662 1321 795 1392 eisdem
820 1328 1013 1400 serventur,
1039 1316 1171 1408 absque
1194 1310 1352 1407 pulvere,

209 1441 274 1503 aut
297 1433 371 1506 ullo
397 1438 489 1508 coeni
513 1446 577 1509 aut
601 1439 756 1510 sordium
785 1459 924 1532 genere,
950 1433 1045 1528 quod
1070 1432 1260 1525 ingratum,
1289 1435 1353 1498 ant

210 1551 415 1624 indecorum
432 1577 509 1626 esse
524 1557 644 1648 possit,
661 1564 767 1649 prout
784 1555 889 1626 domo
907 1550 978 1622 Dei
1000 1546 1158 1641 inprimis
1175 1545 1351 1626 convenit,
1363 1571 1396 1611 10

210 1667 302 1738 etin
324 1668 471 1742 homilia
487 1673 639 1764 quadam
660 1672 766 1765 hujus
786 1667 985 1764 argumenti
1007 1663 1218 1758 praecipitur.
1270 1659 1352 1730 Pari

210 1779 395 1876 diligentia
409 1787 655 1878 providebunt,
672 1797 714 1860 nt
730 1785 934 1859 coemeteria
950 1781 1071 1854 debite
1087 1783 1257 1871 reparata,
1274 1797 1353 1844 mu-

209 1897 295 1982 nito,
318 1909 357 1971 et
378 1911 479 1995 septa
501 1905 746 1976 custodiantur
770 1903 844 1975 sive
866 1899 988 1983 muris,
1004 1897 1078 1970 sive
1100 1891 1262 1978 vacerris,
1279 1890 1352 1962 sive
1380 1892 1383 1896 ’

136 2052 138 2056 ⁴
210 2013 299 2106 palis
316 2015 395 2110 (pro
411 2017 480 2090 looi
498 2021 767 2116 consuetudine)
785 2041 908 2092 eorum
924 2013 1101 2108 impensis,
1114 2011 1160 2083 ad
1172 2031 1259 2103 quos
1270 2008 1353 2102 jure

210 2133 412 2222 pertinebit.
456 2134 621 2230 Inprimis
637 2160 721 2207 vero
738 2135 921 2217 curabunt,
937 2140 981 2202 ut
997 2132 1035 2200 in
1051 2127 1214 2200 omnibus
1230 2125 1396 2218 populis

209 2247 255 2317 ad
272 2271 348 2319 rem
365 2251 521 2324 divinam
537 2253 768 2325 conventibus
784 2275 856 2346 pax
872 2259 911 2321 et
922 2249 1022 2342 quies
1034 2244 1197 2339 religiose
1214 2264 1353 2313 conser-

211 2371 350 2449 ventur,
378 2389 570 2461 omnesque
599 2377 774 2462 quotquot
806 2360 1182 2438 excommunicationis
1211 2357 1352 2428 vinculo

210 2481 352 2572 publice
379 2493 418 2556 et
443 2487 580 2558 noto1ie
609 2495 692 2557 sunt
720 2484 890 2567 innodati,
915 2483 962 2554 ab
990 2476 1147 2551 ecolesiae
1174 2474 1353 2545 liminibus

210 2608 405 2671 arceantur.

212 2810 434 2888 LXXXVI.
474 2815 640 2890 Ecolcm
664 2817 706 2890 de
730 2819 831 2890 unio
856 2817 895 2887 in
921 2813 1059 2888 satiom
1084 2830 1214 2881 uocum
1234 2803 1395 2901 perlae-20

259 2932 422 3019 stronde,
451 2943 483 3008 et
515 2959 634 3008 aarum
667 2935 816 3034 desectus
848 2933 955 3032 rapiar
988 2923 1236 3003 commissoriis
1270 2921 1353 2993 ioti-

261 3047 391 3120 maadi.

262 3195 388 3271 Omnis
414 3201 577 3287 decanus,
601 3205 755 3278 decanus
777 3213 815 3276 et
842 3199 1047 3297 capitulum,
1076 3190 1351 3271 archidiaconus,

210 3320 274 3383 aut
299 3313 389 3388 clius
414 3317 574 3410 quilibet,
596 3321 655 3390 oui
680 3321 898 3393 visitationes
922 3311 1176 3389 ecclesiasticas
1199 3305 1354 3377 obeundi

203 3429 324 3521 juset
348 3441 507 3526 potestas
529 3457 575 3506 ex
601 3437 866 3530 compositione,
889 3434 980 3528 lege,
1005 3438 1068 3503 aut
1092 3421 1352 3520 praescriptione
1361 3437 1396 3497 ιε

211 3548 395 3640 competit,
412 3573 625 3645 unoquoquo
647 3551 800 3624 triennio
824 3551 988 3624 ecclesias
1010 3565 1133 3618 omnes
1155 3563 1226 3612 suae
1246 3537 1353 3631 juris-

211 3662 357 3733 dictioni
382 3666 558 3759 subjectas
587 3668 697 3740 semel
723 3667 961 3762 perlustrabit,
983 3662 1041 3733 vel
1067 3659 1193 3734 saltem
1219 3651 1353 3748 perlus-

212 3778 296 3848 trari
324 3779 452 3866 faeiet3
487 3792 526 3853 et
554 3783 700 3879 singulis
733 3785 832 3856 annis
858 3783 949 3854 infra
978 3779 1131 3852 eundem
1159 3771 1352 3845 terminum

211 3895 316 3989 regiis
340 3900 585 3972 commissaliis
613 3925 677 3996 pro
707 3904 819 3975 causis
849 3895 1093 3972 ecclesiasticis
1117 3890 1266 3966 subinde
1292 3887 1353 3957 de-

209 4013 403 4098 nunciabit‚
431 4039 518 4110 quos
543 4019 706 4091 defectus
724 4018 942 4113 reparatione
962 4015 1161 4108 indigentes
1185 4009 1223 4078 in
1248 4002 1396 4084 dietis30

210 4127 377 4214 ecclesiis,
406 4141 470 4203 aut
498 4156 619 4206 earum
644 4135 761 4228 aliqua
783 4134 1003 4227 compererit,
1031 4127 1198 4224 appositis
1228 4144 1352 4194 eornm

211 4246 412 4318 nominibus
425 4256 462 4319 et
476 4252 753 4343 cognominibus,
770 4251 830 4343 qui
847 4250 885 4321 in
902 4247 1047 4343 singulis
1059 4247 1130 4318 sint
1147 4236 1351 4334 culpabiles.

211 4359 293 4443 Qua
317 4361 565 4436 informatione
587 4377 742 4460 accepta,
768 4367 952 4462 praedictos
977 4360 1230 4436 commissarios
1251 4375 1353 4450 roga-

210 4497 300 4560 mus,
318 4487 359 4550 nt
376 4481 548 4573 ejusmodi
565 4505 729 4577 personas
746 4506 864 4555 coram
881 4505 919 4556 se
936 4475 1070 4562 citatas,
1088 4477 1169 4549 talis
1181 4473 1352 4568 cujusque
