3140 4972
238 214 302 283 ero
456 213 674 282 anismam
688 212 756 278 aaa
772 213 895 279 aaa
910 209 1151 278 nataae.
1321 207 1375 297 [v.

435 487 492 561 De
508 489 662 561 ostiariis
679 489 749 560 sive
765 484 899 560 clericis
909 484 1177 583 parochialibus.

281 662 382 735 xcl.
420 662 574 740 Carion
586 661 802 762 parochiales
819 661 966 763 elipandi
972 661 1034 755 jas
1052 660 1212 732 minatae
1229 658 1339 758 eadat.¹

291 810 423 882 Nullus
446 813 482 883 in
504 811 712 906 paroehialis
737 811 864 895 oledei,
883 833 989 904 quem
1014 817 1151 891 vocant,
1174 807 1294 880 locum
1320 831 1378 879 va·

240 934 380 998 cantem
403 929 494 1000 infra
509 930 691 1001 civitatem
715 928 989 1012 Londinensem,
1005 923 1063 995 vel
1085 924 1170 994 alibi
1192 924 1285 995 infra
1299 948 1378 1019 pro-

240 1043 392 1113 vinciam
418 1043 708 1118 cantuariensem
737 1043 898 1139 eligetur,
928 1042 995 1112 nisi
1023 1064 1087 1135 per
1110 1047 1286 1112 rectorem
1316 1048 1403 1118 aute

240 1159 421 1244 vicarium,
452 1161 510 1232 vel
537 1163 680 1234 defectu
709 1160 853 1233 reetoris
882 1167 945 1230 aut
974 1159 1103 1240 vienni,
1129 1181 1194 1252 per
1220 1158 1379 1251 ejusdem

240 1274 395 1346 ecelesiae
413 1278 612 1349 ministrum
636 1303 698 1373 pro
720 1286 880 1369 tempore
900 1275 1135 1359 existentem
1160 1296 1266 1366 quam
1289 1271 1380 1343 elee-

240 1391 374 1462 tionem
402 1395 516 1465 dietus
538 1404 665 1480 rector,
689 1395 849 1476 vicarius,
872 1400 936 1462 aut
959 1391 1120 1462 minister
1144 1391 1380 1482 subsequente

241 1509 298 1578 die
319 1509 495 1581 dominico
519 1519 680 1604 tempore
703 1511 901 1582 divinomm
917 1506 1136 1601 parochianis
1153 1507 1224 1578 suis
1246 1506 1381 1576 denun-
1432 1545 1436 1554 ·

240 1623 358 1694 eiabit.
411 1622 536 1698 Omnis
553 1635 675 1697 autem
693 1625 865 1718 ejusmodi
882 1622 1029 1694 elerieus
1048 1621 1255 1717 parochialis
1271 1641 1380 1691 annos
1389 1647 1425 1688 10

240 1740 285 1810 ad
301 1741 417 1812 minus
434 1742 560 1836 viginti
577 1750 681 1812 natus
698 1743 777 1824 erit,
795 1749 832 1810 et
849 1739 894 1810 de
911 1740 985 1810 vita
1000 1737 1183 1833 probabili,
1196 1760 1239 1809 ao
1253 1738 1381 1808 idonea

239 1855 390 1951 legendi,
417 1859 601 1942 scribendi,
631 1867 669 1928 et
697 1855 872 1939 cantandi,
900 1856 1015 1949 quoad
1043 1855 1119 1947 ejus
1147 1854 1224 1926 fieri
1250 1859 1380 1948 potest,

240 1975 386 2044 seientia
408 1974 504 2046 dicto
527 1975 674 2070 eligenti
696 1975 868 2069 cognitus.
920 1973 1105 2064 Iidemque
1128 1970 1246 2042 elensi
1263 1969 1383 2042 taliter

240 2089 346 2162 electi
368 2091 543 2184 stipendia
563 2115 626 2163 sua
651 2093 847 2184 antiquitus
869 2098 1047 2174 consueta,
1064 2090 1196 2182 absque
1217 2087 1299 2159 dolo
1319 2095 1382 2160 ant

240 2207 481 2291 diminutione,
499 2208 556 2279 vel
580 2210 625 2280 ab
647 2210 847 2293 oeeonomis‚
870 2209 916 2281 ad
938 2217 1100 2300 tempora
1119 2205 1290 2277 haetenus
1311 2205 1426 2290 usi-15

240 2332 324 2406 tata,
342 2323 399 2393 vel
417 2348 462 2395 ex
485 2325 625 2418 propria
642 2324 851 2396 eolleetione
867 2325 1071 2418 percipient,
1083 2324 1191 2417 juxta
1206 2321 1382 2415 paroehiae

240 2440 410 2532 cujusque
426 2441 544 2524 ritum,
563 2464 604 2512 ae
622 2441 914 2512 consuetudinem
930 2441 1086 2512 maxime
1101 2441 1346 2510 inveteratam.

240 2702 297 2776 De
330 2704 438 2776 curiis
472 2702 706 2778 ecelesiasticis
742 2707 790 2778 ad
821 2705 1071 2804 arebiepiseopi
1100 2706 1382 2802 jurisdictionem

694 2821 930 2919 spectantibus.

242 3009 362 3083 XCII.
402 3009 693 3084 Testameatoram
703 3012 875 3109 prohetia
883 3014 983 3108 jaste
998 3011 1163 3086 bonoram
1179 3010 1426 3084 notabiliorem

157 3223 160 3230 .
290 3153 423 3201 amma
440 3139 621 3215 constante,
633 3131 948 3231 praropotiearam
971 3131 1079 3203 atria
1101 3129 1271 3202 daataaat
1293 3153 1382 3202 eom·

286 3248 383 3342 petit.

292 3413 384 3485 Cum
401 3414 506 3486 multi
528 3415 699 3487 haetenus
721 3439 785 3509 per
807 3416 1022 3510 apparitores
1038 3415 1214 3486 curiarum
1230 3421 1309 3484 tum
1329 3415 1382 3486 in·

243 3528 419 3613 feriomm,
443 3538 521 3601 tum
545 3533 783 3628 praerogativa
808 3529 1110 3625 archiepiscopalis
1134 3531 1289 3625 graviter
1313 3531 1382 3601 dis-

243 3647 347 3716 tracti
364 3656 402 3717 et
418 3648 513 3718 varie
530 3649 644 3719 vocati
662 3657 699 3719 et
716 3647 888 3741 eompulsi
906 3648 1038 3720 luerint
1054 3669 1159 3740 super
1174 3645 1381 3740 probatione
1390 3672 1425 3732 ²5

243 3769 546 3846 testamentorum,
563 3773 601 3835 et
624 3762 934 3836 administrationis
955 3766 1130 3835 bonorum
1151 3764 1189 3834 in
1206 3785 1311 3833 eausa
1329 3762 1382 3832 in·

243 3879 365 3949 testati
395 3880 576 3972 petitione,
603 3881 776 3973 variisque
805 3880 887 3950 inde
914 3879 1102 3962 laboribus,
1133 3877 1314 3963 molestiis,
1344 3887 1383 3950 et

244 3989 407 4080 expensis
432 3989 606 4084 superflue
630 3997 767 4086 gravati
790 3997 931 4080 fuerint,
948 4004 987 4069 et
1009 3997 1168 4091 fatigati;
1193 3996 1382 4067 statuimus

244 4112 282 4175 et
306 4105 517 4190 ordinamus,
544 4117 586 4178 ut
611 4111 725 4182 omnis
753 4113 990 4199 cancellarius,
1015 4115 1282 4198 commissarius,
1308 4111 1383 4184 offi-

244 4221 350 4307 cialis,
376 4233 439 4295 aut
468 4222 556 4295 alius
581 4227 780 4323 quicunque
800 4232 1082 4324 jurisdictionem
1109 4227 1426 4318 eeclesiasticamp)

245 4361 422 4422 exercens,
439 4341 593 4436 singulos
615 4345 661 4416 ad
678 4349 811 4420 auriam
832 4371 932 4419 snam
949 4369 1054 4441 super
1075 4345 1281 4418 testamenti
1303 4367 1383 4438 pro-

246 4455 387 4526 batione
404 4456 461 4527 vel
476 4457 787 4536 administrationis
808 4463 982 4536 bonorum
1003 4463 1148 4557 negotio
1164 4461 1302 4545 ditatos,
1318 4467 1383 4532 aut
