3128 4962
262 206 306 270 14
659 200 793 268 mcc·
805 200 1000 288 paam.
1360 203 1402 290 p,

314 379 584 458 Sacramentum
601 375 831 450 Eucharistiae
847 399 894 450 cx
918 377 1145 450 institutione
1161 376 1316 454 Oumm
1331 401 1403 450 non
1547 397 1549 430 Α

263 497 476 582 serrabatur,
493 494 815 578 circumferebatur,
832 493 1047 577 elevabatur,
1063 514 1131 566 neo
1147 493 1369 568 odorabatur.

652 734 675 779 a
825 733 848 778 a
997 726 1020 773 s

238 809 242 816 Ι
351 852 410 920 30.
452 844 509 918 De
524 846 628 917 unico
645 842 781 919 Christi
797 841 963 916 oblatione
978 843 1018 914 in
1034 867 1133 916 mccc
1141 841 1309 940 perfectu.

314 995 460 1069 Oblatio
488 993 619 1066 Christi
653 993 763 1066 semel
792 992 896 1078 facte,
924 991 1082 1086 perfecta
1109 1000 1165 1065 est
1194 993 1402 1087 redemptio,

236 1111 467 1209 ‘propitiatio
501 1118 539 1182 et
571 1109 767 1182 satisfactio
799 1132 863 1202 pro
897 1109 1059 1181 omnibus
1099 1109 1254 1202 peccatis
1291 1112 1427 1199 totius5

265 1228 401 1312 mundi,
418 1236 492 1298 tarn
515 1225 741 1321 originalibus
762 1224 870 1319 quim
893 1223 1112 1297 actualibus:
1139 1249 1254 1320 neque
1275 1235 1404 1320 praeter

265 1343 363 1417 illam
388 1344 529 1415 unicam
550 1351 605 1415 est
624 1342 699 1414 ulle
718 1343 787 1415 alie
810 1365 875 1437 pro
899 1343 1053 1435 peccetis
1078 1343 1243 1436 expiatio.
1294 1341 1403 1414 Unde

267 1460 460 1534 Missurum
484 1459 660 1544 sacrificiu,
686 1459 813 1552 quibus
834 1457 941 1553 vulgo
966 1455 1158 1544 dicebatur,
1183 1459 1404 1532 sacerdotem

266 1577 390 1650 offerre
419 1576 600 1649 Christum
627 1576 666 1647 in
693 1575 933 1646 remissionem
962 1597 1073 1670 poenae
1106 1581 1170 1646 cut
1198 1573 1310 1668 eulpae
1337 1598 1402 1668 pro

265 1696 355 1768 vivis
381 1703 419 1766 et
447 1693 633 1778 defimctis,
661 1693 832 1787 figmenta
858 1699 950 1776 sunt,
977 1699 1016 1763 et
1043 1691 1244 1785 perniciosa
1272 1691 1404 1785 impos·
1413 1717 1449 1757 10

265 1820 364 1884 turae.

355 2044 414 2112 31.
456 2049 477 2080 “
489 2037 673 2115 eoldum
689 2063 733 2111 ac
749 2037 847 2113 verbo
863 2036 935 2112 Dei
948 2036 1156 2133 precipitur
1172 2036 1313 2108 musici.

318 2198 338 2230 ‘⁶
351 2186 545 2282 Episcopis,
561 2185 780 2282 Presbyteris
796 2196 834 2260 et
851 2187 1018 2264 Diaoonis
1033 2210 1106 2258 nou
1123 2195 1177 2259 est
1193 2186 1402 2259 mandatum

267 2313 288 2344 ‘⁶
304 2313 347 2375 ut
379 2303 584 2375 coelibatum
612 2313 785 2376 voveant:
823 2325 938 2397 neque
964 2305 1047 2399 jure
1075 2303 1194 2375 divino
1227 2311 1404 2399 eoguntur

268 2429 288 2460 ‘⁶
305 2419 530 2491 matrimonio
547 2419 753 2492 abstinere.”
1413 2434 1448 2493 15

500 2721 560 2788 32.
609 2713 911 2788 Ercommuuieotc'
927 2711 1061 2786 vitandi
1075 2721 1165 2785 suot.

316 2863 388 2949 Qui
421 2887 484 2959 per
516 2862 694 2957 publicam
728 2861 894 2934 Ecclesiae
926 2863 1230 2936 denuntiationem
1259 2862 1328 2933 rite
1356 2859 1402 2931 sb

265 2982 403 3052 unitate
429 2978 596 3052 Ecclesiae
620 2980 781 3075 praecisns
804 2987 858 3052 est
883 2987 921 3052 et
946 2980 1282 3064 excommunicatus,
1302 2980 1333 3050 is
1355 2977 1402 3049 ab

266 3097 428 3172 universa
460 3095 618 3167 fidelium
647 3095 886 3180 multitudine,
916 3097 1029 3168 donec
1061 3119 1125 3189 per
1156 3095 1403 3191 poenitentiam

266 3214 407 3308 publice
429 3214 674 3286 reconciliatus
697 3215 814 3298 brerit,
831 3213 975 3286 arbitrio
997 3212 1134 3285 Judicis
1156 3213 1450 3308 competentis„

262 3329 449 3402 habendus
465 3338 521 3402 est
536 3339 704 3424 tanquam
721 3329 895 3402 Ethnious
912 3337 950 3401 et
967 3328 1191 3402 Publicanus.

533 3609 592 3676 33.
646 3603 865 3680 Traditioccs
881 3605 1138 3681 Eoedasioeticc.

316 3753 536 3826 Traditiones
557 3763 664 3848 atque
681 3755 903 3828 caeremonias
926 3757 1078 3842 easdem,
1095 3780 1167 3828 non
1182 3758 1327 3829 omnino
1343 3781 1406 3829 ne-

267 3870 454 3942 cessarium
479 3878 634 3942 estesse
659 3871 800 3965 ubique,
826 3881 889 3944 cut
910 3895 1050 3967 prorsus
1073 3874 1294 3946 consimiles:
1320 3896 1404 3945 nam

267 3994 305 4056 et
318 3986 420 4056 varim
433 4007 571 4080 semper
582 3987 727 4059 fuerunt
738 3995 777 4059 et
788 3991 919 4061 mutari
935 3997 1082 4084 possunt
1094 4013 1157 4084 pro
1170 3989 1372 4086 Regionum
1382 3989 1404 4035 *
1413 4017 1449 4074 ²5

267 4109 306 4171 et
326 4123 466 4172 morum
487 4103 701 4189 diversitate,
718 4104 825 4176 modo
841 4105 932 4177 nihil
953 4114 1077 4178 contra
1092 4105 1163 4177 Dei
1183 4107 1330 4178 verbum
1352 4107 1406 4177 in-

267 4216 445 4288 stituctur.

316 4331 535 4406 Traditiones
548 4351 586 4406 et
598 4337 825 4410 caeremonias
837 4339 1098 4424 ecclesiasticas,
1112 4362 1190 4433 quae
1202 4362 1284 4413 cnm
1297 4339 1406 4412 verbo
