3118 4968
234 175 278 237 oe
632 166 970 255 mennonium.
1288 165 1369 254 [111.

236 353 275 418 et
298 354 341 418 ut
363 368 464 419 veron
486 354 596 440 atquo
611 345 827 417 orthodoxos
842 365 1012 416 munuum
1034 367 1175 416 suorum
1197 341 1370 437 subscrip·

236 463 392 535 tionibus
417 462 621 557 approbent,
647 461 814 532 vicesimo
838 483 933 533 nono
959 461 1017 532 die
1044 461 1175 533 mensis
1201 459 1368 544 Januurii,

235 601 329 652 anno
355 579 500 651 Domini
522 577 716 651 seeundum
741 576 1041 669 computationem
1065 576 1221 648 eooleeiae
1243 575 1371 672 Angli-

237 719 341 781 oonoe,
358 695 545 767 millesimo
562 695 843 790 quingentesimo
860 695 1077 790 sexagesimo
1094 695 1267 767 seeundo:
1293 695 1371 766 uni-

237 835 427 906 versusque
452 810 566 884 clerus
591 810 769 883 Inferioris
796 812 921 883 domus
948 812 1091 884 eosdem
1116 813 1224 884 etium
1248 811 1397 885 unani-5

236 929 344 1001 miter
360 937 398 1000 ei
416 929 550 1021 reoepit
572 935 610 998 et
633 928 808 1020 professus
830 935 895 1011 est,
912 936 954 998 ut
974 951 1020 998 ex
1039 950 1209 1000 munuum
1230 949 1371 999 suarum

225 1044 550 1138 ,subsonptionibus
582 1052 694 1137 patet,
728 1066 814 1137 quos
848 1042 980 1115 obtulit
1012 1051 1050 1114 et
1083 1044 1245 1138 deposuit
1278 1044 1372 1138 opud

238 1162 391 1232 eundem
419 1159 773 1244 Reverendissimnm
806 1160 930 1254 quinto
965 1159 1022 1231 dio
1055 1157 1246 1244 Februarii,
1279 1183 1372 1232 enno

237 1276 415 1371 praedioto.

288 1392 427 1478 Quibus
449 1391 611 1463 omnibus
632 1388 804 1464 Articulis
827 1389 1056 1462 Sereniesime
1075 1393 1237 1486 princeps
1258 1391 1417 1464 Elina-10

238 1507 327 1580 beth
356 1507 425 1579 Dei
453 1505 577 1578 Gratia
600 1507 742 1601 Angliae
769 1505 924 1578 Frunoiae
951 1514 989 1577 et
1014 1505 1196 1581 Hiberniae
1224 1508 1372 1604 Regina,

238 1624 322 1696 fidei
341 1623 515 1696 Defensor
531 1621 595 1694 &o
617 1645 682 1716 per
702 1622 851 1714 seipsum
874 1621 1062 1716 diligenter
1087 1625 1182 1717 prius
1207 1624 1309 1698 lectis
1333 1633 1373 1698 et

239 1743 449 1816 examinatis
465 1740 619 1836 Regium
635 1761 739 1812 suum
754 1761 934 1812 assensum
950 1739 1109 1834 proebuit.

651 1935 816 2002 Excusum
830 1933 970 1999 londini
1045 1919 1047 1923 ⁵

654 2037 740 2122 opud
754 2035 969 2122 Reginaldum

661 2139 830 2219 Wolfium,
843 2139 954 2225 Region

650 2243 776 2330 Mojest.
791 2240 827 2307 in
841 2241 963 2308 Latinis

687 2345 930 2433 typographum.

634 2447 730 2517 Anno
745 2446 877 2516 Domini
893 2450 986 2536 1563.
