3140 4972
227 215 292 278 214
447 219 664 286 Constitutione
679 223 746 286 eud
763 224 884 287 Guneus
899 221 1142 287 Eceksiustu‘cul.
1307 220 1366 306 [V-

228 390 404 478 ordinarii,
421 397 481 486 qui
498 398 761 470 informationes
777 399 938 491 praefatas
955 398 1088 481 fecerit,
1103 399 1210 492 justis
1227 406 1265 469 et
1280 397 1369 492 legi·

229 509 324 579 timis
341 508 491 584 decretis
509 538 630 608 parere
648 515 874 610 compellant.

229 705 471 782 LXXXVII.
514 712 703 786 Terrarum
729 725 760 786 et
780 711 994 810 peculiorum
1021 711 1068 784 ud
1092 709 1248 784 ecclesius
1274 735 1368 806 spec-

278 826 424 896 touliuuz
446 828 640 902 iuuenturt'o
663 831 881 924 eouficieudu,
899 839 930 902 et
948 832 986 900 iu
1004 831 1237 925 episcopcrum
1254 826 1369 899 urchi-

277 942 329 1012 ois
346 943 562 1016 ousuuuudo.
1376 947 1392 1004 ⁵

278 1091 585 1189 Archiepiscopus,
604 1105 641 1168 et
665 1097 819 1190 episcopi
836 1120 958 1168 omues
981 1099 1018 1166 in
1035 1119 1098 1166 sua
1117 1095 1265 1188 quisque
1283 1094 1367 1164 dioe·

228 1208 299 1277 cesi
326 1207 513 1302 (quantum
538 1214 574 1282 in
599 1214 683 1306 ipsis
708 1214 791 1304 erit)
824 1213 989 1298 efficient,
1015 1221 1057 1282 ut
1080 1213 1219 1305 justum
1246 1211 1369 1282 iuven-

229 1324 367 1409 tarium,
398 1328 471 1398 siva
493 1329 678 1399 terrarium
706 1330 864 1400 omnium
894 1329 1087 1423 glebarum,
1117 1349 1203 1420 quas
1229 1331 1367 1406 vocant,

192 1487 198 1502 ·
227 1440 427 1526 fundorum,
444 1456 635 1538 pratorum,
660 1447 853 1530 hortorum,
876 1449 1123 1540 pomeriorum,
1148 1445 1286 1526 aedium,
1306 1465 1368 1535 pe-

227 1557 410 1642 culiorum,
435 1562 650 1646 utensilium,
668 1571 961 1642 tenementorum,
981 1571 1018 1634 et
1039 1563 1250 1657 portionum,
1269 1559 1412 1629 deci-10

227 1695 375 1758 marum,
390 1685 492 1748 extra
505 1701 584 1750 suas
601 1679 782 1773 parochias
798 1682 1001 1772 positarum,
1012 1703 1089 1772 quae
1106 1679 1150 1750 ad
1167 1679 1366 1759 rectoriam,

227 1789 402 1877 vicariam,
432 1792 490 1863 vel
518 1795 669 1866 ruralem
700 1796 895 1888 quamlibet
921 1795 1146 1891 praebendam
1175 1800 1369 1864 noscuntur

225 1915 393 1998 spectare,
411 1931 475 2001 per
497 1910 650 2004 singulas
673 1912 854 2004 parochias
871 1936 916 1985 ex
940 1914 1158 2005 inspectione
1178 1911 1369 2004 proborum

225 2023 408 2095 homiuum
426 2049 490 2119 per
507 2030 708 2122 episcopum
727 2030 1030 2124 designandorum,
1044 2050 1193 2120 quorum
1209 2026 1369 2096 minister

225 2163 317 2211 unus
334 2143 411 2225 erit,
429 2143 466 2212 in
489 2145 628 2238 scriptis
650 2146 839 2238 redigatur,
857 2167 898 2216 ac
921 2145 959 2213 iu
975 2145 1046 2216 suis
1063 2143 1212 2215 archivis
1228 2142 1273 2214 ad
1290 2164 1368 2235 per·
1380 2151 1410 2207 ¹5

225 2265 371 2348 petuam
389 2259 439 2328 rei
456 2261 662 2331 memoriam
680 2271 886 2332 asservetur.

226 2454 490 2534 LXXXVIII.
532 2455 767 2532 Ecclesluruur
800 2457 923 2558 reliquo
951 2458 1115 2558 preponis
1148 2455 1264 2530 usibus
1297 2479 1366 2527 nou

692 2576 889 2673 polluendo.

275 2720 512 2793 Ecclesiamm
543 2726 728 2809 oeconomi,
754 2733 791 2796 et
816 2727 1048 2817 inquisitores,
1078 2723 1134 2795 vel
1164 2724 1366 2794 assistentes

224 2861 445 2931 nequaquam
480 2841 660 2935 patientur
693 2840 794 2914 ludos
830 2843 996 2925 scenicos,
1030 2841 1200 2921 convivia,
1234 2838 1412 2931 epulasso

224 2978 341 3026 coeuas
370 2955 542 3040 solennes,
572 2958 798 3029 invitationes
831 2957 999 3050 publicas,
1035 2957 1217 3050 symposia,
1252 2954 1366 3024 curias

224 3072 407 3156 seculares,
438 3073 532 3143 visus
558 3072 668 3143 franci
695 3073 812 3168 plegii,
834 3075 970 3166 juratas
999 3072 1114 3156 laicas,
1141 3070 1366 3142 lustrationes

223 3189 388 3272 militum,
402 3188 460 3259 vel
476 3189 662 3281 profanum
679 3191 793 3260 ullum
810 3212 914 3260 usum
931 3189 1004 3260 sive
1020 3190 1129 3259 ritum
1146 3187 1183 3257 iu
1197 3185 1364 3271 ecclesiia,

224 3305 377 3396 capellis,
399 3313 461 3376 aut
488 3305 698 3377 coemeteriis
724 3307 795 3377 suis
819 3305 904 3388 fieri,
931 3313 993 3375 aut
1019 3302 1208 3386 celebrari3
1246 3323 1362 3394 neque

224 3423 332 3491 etiam
349 3443 535 3514 campanas
553 3422 794 3515 superstitiose
811 3421 941 3515 pulsari
964 3423 1001 3491 iu
1018 3420 1087 3491 illis
1104 3418 1364 3502 festivitatibus,
1375 3445 1411 3504 ²5

223 3546 286 3608 aut
303 3560 422 3608 earum
446 3537 584 3632 vigiliis,
601 3561 678 3632 quae
695 3541 733 3608 in
756 3539 845 3610 libro
862 3539 1011 3632 publicae
1034 3535 1186 3630 liturgiae
1204 3544 1288 3605 suut
1304 3557 1366 3605 an-

224 3655 380 3746 tiquatae,
411 3653 468 3724 vel
493 3655 562 3725 alio
587 3656 711 3746 quovis
736 3662 909 3747 tempore,
939 3655 1077 3724 nisiex
1105 3674 1211 3723 causa
1238 3653 1366 3722 idonea

224 3779 298 3841 tam
314 3795 379 3864 per
394 3772 496 3865 ipsos,
515 3793 620 3863 quam
638 3793 702 3864 per
717 3772 919 3842 ministrum
936 3770 1137 3864 approbata.

223 3967 280 4040 De
313 3969 528 4042 ecelesiarum
563 3970 753 4054 oecouomr's,
789 3978 821 4041 et
854 3966 1125 4066 iuqur'ar'teriluo,
1159 3967 1229 4040 sive
1262 3966 1366 4036 ussis-

717 4084 871 4164 uuubus.
1374 4101 1411 4157 ³0

224 4234 447 4306 LXXXIX.
500 4235 767 4310 OEcouomoruru
798 4237 922 4320 electio,
952 4243 983 4308 et
1015 4258 1131 4306 rerum
1166 4230 1365 4304 ecelesiasti-

621 4377 738 4425 corum
751 4353 964 4449 procuratio.

273 4499 407 4572 Omnes
437 4502 664 4574 eeclesiarum
694 4505 878 4588 oeeouomi,
909 4503 982 4574 sive
1014 4501 1237 4594 inquisitores
1265 4521 1365 4594 paro-
