3140 4972
258 190 322 254 146
497 195 707 262 Oorutituliom
719 193 786 258 and
803 193 920 258 Gutum
932 189 1164 257 Eculeuusticul.
1312 188 1394 276 [ΙΙΙ.

258 389 433 439 summam
460 393 524 463 pro
548 371 778 442 admittendis
802 369 847 440 ad
877 390 993 439 sacros
1022 368 1161 439 ordines
1189 364 1396 436 hominibus

259 488 416 580 accipere
433 487 565 573 licebit,
582 490 688 582 idque
705 489 769 560 sub
786 509 890 580 poena
900 485 1000 578 juris.

459 785 516 858 De
532 787 756 882 inquisitione
767 810 833 882 per
849 787 1020 882 episcopos
1038 782 1199 855 iucundo.

310 950 579 1046 Quamprimum
606 956 790 1026 commode
811 954 886 1025 fieri
910 952 1051 1046 poterit,
1070 950 1126 1021 vel
1150 950 1195 1019 ad
1217 970 1396 1019 summum

260 1067 353 1138 intra
366 1069 472 1138 unius
489 1071 571 1140 anni
589 1071 741 1163 spatium
757 1079 837 1164 post
853 1071 958 1162 hujus
975 1067 1097 1162 synodi
1113 1067 1231 1149 finem,
1248 1067 1422 1158 quisque5

260 1184 443 1276 episcopus
460 1184 504 1255 de
522 1186 736 1280 singulomm
758 1187 1007 1268 ministrorum,
1025 1185 1087 1277 qui
1112 1184 1149 1252 in
1175 1205 1238 1253 suu
1255 1181 1396 1254 dioecesi

261 1299 404 1392 degunt,
423 1301 636 1386 conditione,
661 1303 826 1386 moribus,
844 1323 885 1372 ac
911 1300 1110 1371 eruditione
1134 1297 1323 1393 diligenter
1344 1298 1398 1368 in-

260 1415 386 1506 quirat,
403 1439 467 1508 per
483 1440 570 1510 quos
596 1418 704 1488 etiam
726 1426 764 1489 et
781 1439 852 1510 quo
873 1425 1033 1509 tempore
1050 1415 1096 1486 ad
1121 1437 1235 1486 sacros
1258 1415 1397 1485 ordines

260 1531 412 1615 admissi,
436 1535 600 1627 quodque
621 1534 703 1604 vitae
726 1556 839 1628 genus
868 1531 994 1603 sectati
1021 1533 1103 1615 sint,
1127 1531 1330 1624 priusquam
1359 1531 1397 1600 in

261 1647 496 1718 ministerium
523 1658 606 1720 sunt
628 1651 805 1745 cooptati3
838 1673 882 1721 ac
905 1650 950 1719 de
977 1648 1074 1718 hisce
1097 1647 1259 1718 omnibus
1281 1647 1397 1740 ipsum
1408 1667 1442 1706 10

261 1765 560 1860 archiepiscopum
593 1769 687 1839 intra
719 1769 855 1838 dictum
884 1775 1025 1859 tempus
1059 1765 1178 1836 debite
1211 1765 1398 1835 certiorem

261 1881 380 1952 faciet.

312 1998 474 2092 Episcopi
502 2000 537 2069 in
564 2023 627 2070 sua
651 2002 799 2093 quisque
828 1999 970 2069 dioecesi
1001 1997 1045 2068 de
1072 1997 1232 2067 omnium
1255 1999 1399 2068 rectori-

261 2137 372 2197 arum,
400 2113 615 2200 victriacum,
642 2140 684 2187 ac
713 2123 919 2187 caeterorum
946 2113 1261 2185 ecclesiasticonrm
1292 2113 1400 2184 bene-

261 2230 422 2300 ficiorum
445 2253 515 2300 suae
533 2232 721 2302 dioeceseos
738 2231 855 2302 valore
877 2252 1003 2313 annuo,
1015 2230 1123 2322 juxta
1148 2252 1293 2300 censum
1317 2229 1398 2300 libri
1409 2251 1442 2309 15

261 2346 364 2430 illius,
379 2347 440 2439 qui
453 2346 690 2418 Primitiarum
705 2348 841 2429 dicitnr,
857 2347 884 2416 si
902 2347 1007 2416 modo
1025 2345 1156 2416 ibidem
1174 2353 1398 2430 censeantnr;

261 2461 366 2534 aliter
381 2487 464 2533 rem
482 2464 589 2555 juxta
605 2486 830 2534 communem
851 2485 972 2534 eorum
996 2463 1285 2546 aestimationem3
1311 2473 1399 2556 quot

262 2577 349 2646 item
370 2577 675 2668 appropriationes,
694 2578 793 2670 cujus
810 2578 883 2646 veri
901 2577 1027 2647 valoris
1050 2577 1169 2660 annui,
1187 2583 1224 2646 et
1244 2576 1305 2668 qui
1327 2577 1399 2647 sint

262 2713 383 2760 earum
406 2693 645 2785 proprietarii;
671 2716 807 2764 necnon
826 2694 870 2764 de
887 2701 1088 2764 curatonrm
1112 2691 1242 2763 salariis
1263 2693 1399 2778 annuis,

263 2807 470 2900 diligentem
491 2807 622 2878 facient
645 2809 919 2901 inquisitionem.
971 2808 1028 2879 Ac
1052 2808 1214 2879 dehisce
1238 2809 1400 2880 similiter
1408 2839 1443 2879 πο

262 2924 424 2995 omnibus
446 2926 539 2994 intra
555 2933 694 3018 tempus
711 2933 817 2996 antea
838 2927 1088 3018 praescriptum,
1106 2925 1241 2996 dictum
1264 2925 1399 2997 archie-

262 3041 445 3135 piscopum
461 3043 646 3113 certiorem
664 3043 822 3113 reddent.
