3118 4968
157 196 268 273 1571]
556 186 898 272 Artioleroslielipmn.
1257 183 1300 245 83

152 386 265 446 arum,
284 387 350 436 neo
371 387 443 436 non
470 364 515 435 de
547 363 771 435 inuocatione
791 370 1003 445 sanatorum,
1024 381 1080 430 reo
1104 367 1159 429 est
1175 347 1297 440 firtilio,

152 478 308 552 inaniter
329 481 490 564 oonfiota,
516 489 554 552 et
576 479 684 551 nullis
710 477 972 572 scripturarum
999 475 1219 568 testimonijs,
1246 475 1298 544 in·

150 595 303 668 nititur:
319 598 430 668 immo
450 597 558 670 verbo
576 595 647 668 Dei
664 596 887 668 contradicit.

415 845 474 910 23.
525 836 583 910 De
598 839 771 911 vocatone
787 838 1039 909 ministrorum.

200 981 292 1054 Non
313 983 399 1056 lieet
421 986 586 1078 cuiquam
609 1008 748 1056 sumere
771 984 837 1056 sibi
862 1006 992 1055 munus
1011 979 1153 1076 publice
1174 981 1323 1075 praedi-5

149 1101 264 1184 orndi,
300 1109 365 1172 aut
397 1103 664 1174 administrandi
706 1109 924 1173 sacramenta
962 1101 1000 1170 in
1037 1098 1195 1181 eeclesia,
1228 1099 1296 1168 nisi

149 1217 245 1308 priua
266 1217 379 1288 fuerit
396 1219 443 1289 ad
462 1218 537 1289 haee
559 1219 723 1289 obeunda
741 1215 899 1312 legitime
920 1224 1075 1299 vocatur,
1098 1224 1137 1286 et
1159 1215 1296 1284 missus.

150 1329 276 1424 Atque
303 1333 383 1404 illos
408 1332 567 1428 legitime
583 1345 727 1406 vocatos
749 1343 787 1406 et
811 1334 935 1404 missos
961 1333 1165 1403 existimare
1190 1329 1296 1400 debe·

149 1469 239 1532 mus,
261 1450 325 1542 qui
348 1471 412 1542 per
427 1449 598 1535 homines,
616 1451 743 1543 quibus
764 1458 921 1542 potestas
938 1447 1086 1520 vocandi
1108 1447 1295 1528 ministros,

149 1575 257 1657 atque
274 1566 444 1636 mittendi
460 1569 497 1637 in
514 1567 654 1637 vineam
672 1566 828 1650 Domini,
847 1563 988 1659 publice
1005 1587 1171 1636 concessa
1187 1573 1242 1635 est
1258 1565 1295 1634 in
1307 1591 1340 1630 ιο

151 1681 313 1766 ecelesia,
331 1684 485 1776 coaptati
503 1683 644 1764 inerint,
662 1693 700 1753 et
716 1682 817 1753 asciti
834 1683 871 1752 in
887 1681 955 1752 hoo
973 1704 1070 1775 opua

209 1938 273 2004 24.
327 1931 385 2004 De
394 1932 556 2030 promto-r
567 1932 716 2030 publicis
733 1929 888 2005 dicendis
905 1932 943 2002 in
959 1930 1079 2030 linqua
1095 1929 1240 2028 vulpam.

198 2080 345 2177 Lingua
377 2082 508 2176 populo
540 2105 613 2155 non
647 2081 840 2165 intellecta
875 2081 1033 2175 publicas
1073 2082 1110 2151 in
1144 2081 1295 2153 ecelesia

149 2221 272 2292 preoeo
295 2221 474 2295 peragere,
495 2208 558 2270 aut
580 2207 798 2271 sacramenta
818 2199 1072 2280 administrare,
1090 2199 1198 2270 verbo
1222 2198 1293 2270 Dei

151 2325 188 2386 et
203 2316 398 2410 primitiuae
414 2315 571 2388 eeclesia
587 2316 833 2386 consuetudini
851 2314 956 2409 plane
972 2323 1154 2409 repugnat.
1305 2357 1316 2394 ι
1320 2352 1338 2411 5

513 2561 572 2628 25.
613 2554 671 2628 De
685 2555 930 2630 Sacramenta.

198 2705 433 2778 Sacramenta
449 2707 472 2778 a
488 2707 630 2779 Christo
653 2709 826 2791 instituta
843 2730 915 2778 non
936 2715 1077 2778 tantum
1095 2716 1178 2778 aunt
1199 2715 1293 2778 notae

151 2823 375 2915 professionis
409 2823 698 2907 Christianorum,
732 2825 795 2895 sed
835 2833 933 2894 oerta
974 2824 1134 2916 quaedam
1174 2824 1293 2915 potius

152 2929 368 3024 testimonia,
391 2948 429 3009 et
455 2940 607 3011 efficatia
631 2943 731 3036 signa
755 2941 886 3034 gratiae,
909 2949 1016 3032 atque
1040 2941 1141 3011 bonae
1166 2941 1203 3009 in
1228 2961 1293 3010 nos

152 3056 346 3127 voluntatis
363 3055 443 3139 Dei,
460 3079 524 3150 per
541 3079 618 3150 quae
640 3057 866 3128 inuisibiliter
881 3056 956 3150 ipae
979 3057 1017 3127 in
1037 3079 1100 3127 nos
1117 3064 1291 3149 operatur,
1303 3086 1336 3125 20

151 3181 380 3264 nostramque
405 3171 513 3243 iidem
539 3173 576 3242 in
602 3196 730 3244 senon
755 3172 870 3244 solum
896 3173 1040 3256 excitat,
1058 3172 1292 3243 verumetiam

155 3289 351 3359 confirmat.

202 3403 290 3475 Duo
314 3427 337 3475 a
361 3403 504 3475 Christo
532 3405 675 3476 domino
705 3415 824 3477 nostro
854 3407 891 3476 in
918 3402 1103 3500 euangelio
1128 3403 1292 3476 instituta

154 3529 233 3592 sunt
251 3530 480 3605 sacramenta,
499 3521 643 3606 scilieet,
661 3521 875 3616 Baptismus,
892 3529 930 3593 et
947 3545 1046 3593 coena
1064 3520 1219 3592 Domini.

201 3638 370 3730 Quinque
403 3637 465 3709 illa
497 3637 605 3733 vulgo
638 3639 819 3710 nominata
856 3646 1100 3710 sacramenta:
1143 3635 1333 3722 soilioet25

153 3755 381 3837 confirmatio,
407 3753 629 3847 poenitentia,
647 3757 745 3840 ordo,
767 3756 1043 3838 matrimonium,
1066 3761 1104 3825 et
1128 3761 1290 3826 extrema

154 3871 280 3951 metio,
298 3893 361 3962 pro
378 3870 605 3941 sacramentis
622 3871 835 3966 euangelicis
854 3870 1018 3942 habenda
1041 3893 1113 3941 non
1138 3876 1231 3954 sunt,
1249 3878 1290 3941 vt

154 4005 236 4074 que,
247 3985 388 4078 partim,
398 4009 421 4056 a
432 4007 542 4078 praua
551 3985 806 4080 Apostolorum
819 3987 1018 4058 imitatione
1035 3984 1287 4079 profluxerunt,

153 4103 278 4191 partim
296 4101 377 4171 ritae
398 4110 511 4172 status
528 4111 611 4174 sunt
627 4101 664 4174 in
681 4103 860 4197 seripturis
877 4103 1020 4196 quidem
1035 4101 1196 4194 probati:
1226 4102 1288 4172 sed

156 4226 451 4289 sacramentorum
475 4219 625 4290 eandem
648 4242 730 4291 oum
755 4220 941 4313 baptismo,
962 4229 999 4290 et
1022 4242 1122 4290 coena
1142 4217 1286 4289 Domini
1295 4243 1332 4298 30

154 4334 322 4404 rationem
348 4357 420 4404 non
444 4334 626 4419 habentor,
641 4323 683 4406 'vt
708 4360 785 4429 quae
810 4339 948 4432 signum
974 4335 1117 4430 aliquod
1140 4335 1286 4420 visibile,

157 4470 215 4521 seu
231 4452 475 4524 caeremoniam
492 4452 515 4523 a
532 4451 611 4525 Deo
627 4455 844 4540 institutum,
860 4477 931 4525 non
948 4453 1113 4524 habeant.

683 4589 704 4629 e
729 4585 747 4633 2
