3140 4972
250 189 316 258 aaa
479 191 915 260 ammoniacam
930 187 1171 256 aarum
1335 184 1390 272 [ιι.

271 467 412 541 CVIII.
449 467 592 544 Sanctio
609 469 648 540 ia
654 467 791 562 yicdiccs
804 475 923 540 coatrc
933 467 1121 564 premisso
1138 461 1378 559 delinquentes.

305 617 439 703 Quodsi
456 621 533 714 quis
550 619 664 713 judex
681 619 893 691 sententiam
917 618 1153 714 separationis,
1171 639 1233 690 seu
1250 613 1391 687 divortii

254 734 386 821 tulerit,
403 745 441 806 et
458 737 633 830 premissa
649 737 767 806 omnia
785 757 858 806 non
878 737 1089 830 praetiterit,
1105 758 1170 829 per
1189 755 1321 804 annum
1337 731 1392 800 in-

254 859 395 945 tegrum
417 853 462 923 ab
485 853 695 924 executione
717 851 822 924 officii
844 853 898 924 sui
920 876 984 947 per
1004 851 1313 946 archiepiscopum,
1334 845 1392 916 rel

255 968 457 1062 episcopum
479 969 716 1040 dioecesanum
740 969 983 1061 suspendetur.
1034 968 1083 1039 Et
1101 966 1278 1040 sententia
1293 984 1417 1056 sepa-5

255 1086 410 1171 rationis,
444 1092 568 1156 contra
600 1085 748 1156 formam
781 1085 984 1179 praedictam
1012 1084 1094 1169 lata,
1123 1107 1186 1177 pro
1220 1079 1319 1152 nulla
1347 1079 1392 1150 ad

256 1225 397 1274 omnem
416 1201 506 1297 juris
528 1201 695 1274 effectum
715 1202 913 1286 habebitur,
936 1223 977 1274 ac
1002 1202 1032 1273 si
1054 1201 1198 1272 omnino
1223 1197 1297 1268 lata
1320 1218 1393 1267 non

255 1319 389 1392 fuisset.

306 1564 363 1640 Dc
380 1567 489 1640 carih
511 1565 745 1642 ecclesiasticis
764 1567 812 1641 cd
833 1568 1014 1664 episcopos,
1034 1576 1066 1640 ct
1084 1563 1345 1639 archidiaconos

707 1683 940 1782 spectantibus.
1403 1689 1437 1730 ¹⁰

257 1883 358 1956 CIX.
396 1883 543 1958 Peccata
567 1895 599 1959 et
618 1885 780 1960 suadela
805 1887 942 1960 notorio
966 1888 1005 1959 ic
1027 1885 1136 1958 cuciis
1160 1881 1394 1956 ccclesiuaticis

703 2001 953 2076 mundanda.

308 2165 347 2241 Si
365 2170 425 2263 qui
441 2191 505 2264 per
519 2169 745 2242 manifestum
766 2169 990 2256 adulterium,
1015 2177 1187 2263 stuprum,
1207 2167 1394 2248 incestum,

258 2284 479 2371 ebrietatem,
499 2286 641 2380 Jurandi
668 2286 968 2369 consuetudinem,
995 2283 1218 2368 lenocinium,
1248 2283 1395 2353 foenera-

258 2402 403 2485 tionem,
437 2400 493 2472 vel
528 2401 634 2474 aliam
662 2425 908 2498 quamcunque
936 2403 1018 2473 vitae
1046 2400 1302 2494 turpitudinem
1331 2405 1394 2470 aut
1404 2424 1438 2484 15

258 2516 451 2611 nequitiam
469 2517 592 2589 fratres
612 2541 693 2592 suos
710 2519 940 2604 offenderint3
967 2517 1193 2591 ecclesiarum
1210 2516 1394 2603 oeconomi,

259 2641 297 2704 et
329 2634 561 2726 inquisitores,
595 2635 668 2706 sive
701 2637 901 2708 assistentes
934 2636 971 2705 in
1005 2633 1173 2728 proximis
1210 2643 1396 2726 prasenta-

258 2749 413 2820 tionibus
440 2750 511 2820 uris
536 2750 581 2820 ad
606 2752 796 2823 ordinarios
817 2751 976 2822 omnium
1000 2760 1037 2822 et
1062 2748 1279 2844 singulorum
1306 2749 1397 2843 ejus-

258 2866 355 2936 modi
378 2864 659 2958 delinquentium
681 2867 825 2938 nomina
846 2865 999 2937 fideliter
1020 2866 1190 2951 deferent,
1207 2873 1249 2936 ut
1275 2863 1413 2964 legum¹

259 2982 446 3053 severitate
462 3005 526 3075 pro
543 2981 677 3054 meritis
698 2983 832 3076 possint
849 2983 1020 3076 castigari.
1069 2979 1172 3052 Tales
1192 2988 1313 3052 autem
1334 3003 1441 3062 no„

259 3099 341 3170 torii
370 3097 615 3190 delinquentes
647 3100 693 3169 ad
726 3121 859 3170 sacram
893 3122 1039 3182 coenam,
1070 3098 1181 3169 donec
1210 3120 1326 3170 mores
1358 3097 1397 3167 in

259 3214 386 3287 melius
402 3215 663 3300 commutarint,
680 3215 900 3310 nequaquam
917 3214 1162 3288 admittentur.

468 3477 548 3550 CX.
586 3477 808 3554 Schismatici
823 3481 862 3552 ia
879 3480 987 3553 curiis
1004 3479 1187 3581 dctepmi.

311 3626 351 3699 si
368 3629 541 3699 oeconomi
554 3629 792 3714 ecclesiarum,
806 3639 844 3701 et
859 3631 1091 3724 inquisitores,
1104 3634 1179 3704 sive
1197 3630 1399 3704 assistentes

261 3743 306 3815 de
322 3742 440 3838 aliquo
462 3745 553 3818 infra
575 3768 675 3818 suam
696 3746 898 3842 parochiam
914 3747 972 3820 vel
995 3747 1079 3821 alibi
1101 3748 1315 3830 resciverint,
1338 3745 1446 3849 qui25

262 3859 319 3930 vel
341 3860 449 3933 verbo
472 3860 540 3933 Dei
564 3860 726 3957 legendo,
742 3872 806 3934 aut
828 3863 961 3936 sincere
982 3865 1213 3958 praedicando,
1237 3862 1295 3935 vel
1318 3883 1402 3933 con-

261 3977 487 4048 stitutionum
502 3979 728 4071 presentium
745 3981 948 4052 executioni
971 3981 1110 4054 obstare
1131 3981 1325 4064 conabitur,
1343 3976 1401 4050 vel

262 4093 370 4166 etiam
397 4102 571 4188 usurpata
600 4094 664 4166 ulli
690 4102 728 4167 et
753 4103 933 4167 extraneae
958 4097 1137 4190 potestati,
1166 4097 1271 4191 hujus
1300 4093 1401 4189 regni

262 4207 399 4304 legibus
417 4211 555 4304 jamdiu
579 4212 707 4284 merito
733 4213 933 4306 repudiatae,
959 4223 1065 4308 atque
1090 4214 1243 4302 abolitae,
1267 4212 1402 4285 favebit

261 4333 369 4419 atque
394 4325 597 4411 adherebit
615 4327 672 4399 vel
693 4330 823 4424 dogma
844 4332 986 4425 aliquod
1009 4333 1219 4428 papisticum
1240 4354 1281 4405 ac
1307 4353 1447 4435 erro-30

261 4464 368 4512 neum
385 4450 529 4528 astruet,
546 4451 610 4515 aut
622 4445 801 4531 tuebitur;
826 4447 913 4520 dicti
925 4451 1108 4533 oeconomi,
1121 4458 1160 4522 et
1175 4449 1400 4543 inquisitores
