3140 4972
227 200 292 268 172
447 196 666 262 mammam
680 195 748 258 aad
764 196 886 259 Canens
901 190 1144 257 Ecclesiasticui.
1309 187 1368 274 [V.

228 374 414 446 dimidium
435 372 584 443 milliare
600 372 646 442 ab
663 371 812 444 ecclesia
833 370 1007 452 habitant,
1025 366 1082 440 vel
1101 367 1169 461 ipsi
1186 365 1369 438 debebunt

227 492 407 572 interesse,
418 489 475 559 vel
493 512 604 560 unum
614 487 740 560 saltem
751 489 796 558 de
813 486 948 557 familia
958 507 1022 556 sua
1033 486 1177 555 mittere
1189 483 1368 565 idoneum,

229 608 290 701 qui
306 607 467 678 ministro
484 606 576 676 inter
592 606 807 698 precandum
824 603 974 674 assistat.

230 856 340 930 XVI.
364 853 539 953 Litacyia
555 852 703 950 publica
718 852 947 947 praescriptas
975 874 1085 924 caaoa
1113 850 1153 920 ia
1182 847 1369 921 academiis

683 966 918 1040 observandas.
1377 979 1395 1038 5

281 1124 326 1194 In
353 1123 515 1194 omnibus
534 1123 717 1214 utriusque
737 1119 925 1190 academiae
951 1117 1108 1210 collegiis
1131 1123 1168 1186 et
1191 1113 1281 1185 aulis
1305 1138 1370 1207 per

229 1241 404 1335 integram
444 1238 623 1334 liturgiam
665 1246 702 1308 et
743 1261 847 1308 sacrae
882 1259 990 1306 coenae
1029 1233 1369 1305 administrationem

231 1355 361 1437 debite,
390 1363 427 1425 et
456 1355 588 1447 absque
615 1355 710 1425 omni
738 1361 801 1424 aut
828 1353 1025 1432 omissione,
1053 1357 1116 1420 aut
1143 1349 1369 1420 innovatione

231 1471 406 1543 observari
419 1471 580 1541 volumus
594 1471 762 1554 ordinem,
775 1470 934 1551 formam,
945 1491 987 1538 ac
1003 1467 1219 1538 ceremonias
1237 1487 1368 1547 omnes,

230 1597 336 1683 prout
358 1589 396 1658 in
415 1589 512 1659 dicto
537 1589 687 1682 publicae
712 1587 864 1681 liturgiae
888 1586 978 1656 libro
1002 1584 1211 1678 praescriptae
1236 1581 1370 1654 inveni·
1380 1604 1414 1642 10

230 1715 350 1776 untur.

232 1927 363 2004 XVII.
388 1929 488 2002 Iatec
504 1929 658 2029 liturgia
674 1928 825 2025 publica
846 1925 1100 1999 celebrationem
1122 1920 1375 2020 superpellicia,

448 2056 480 2118 et
496 2046 666 2142 epomides
683 2047 721 2116 ia
739 2043 924 2117 academiis
942 2039 1152 2114 adhibenda.

282 2197 327 2268 In
345 2197 507 2269 omnibus
527 2197 710 2288 utriusque
730 2194 918 2266 academiae
938 2193 1096 2287 collegiis
1113 2200 1150 2261 et
1173 2189 1261 2261 aulis
1284 2212 1371 2282 prae-

232 2314 317 2385 fecti
341 2337 382 2384 ac
402 2313 498 2396 socii,
516 2315 703 2405 caeterique
725 2311 900 2382 scholares
921 2320 959 2381 et
984 2309 1131 2381 studiosi
1153 2309 1191 2378 in
1214 2306 1414 2384 ecclesiis15

232 2438 270 2501 et
298 2429 441 2522 capellis
464 2429 535 2500 suis
561 2452 625 2523 per
652 2427 806 2522 singulos
831 2427 906 2498 dies
933 2427 1126 2497 dominicos
1151 2432 1189 2495 et
1215 2424 1370 2504 festivos,

232 2569 425 2638 eorumque
438 2545 574 2640 vigilias
587 2555 747 2640 tempore
764 2546 962 2616 divinorum
980 2543 1231 2637 superpelliciis
1249 2540 1372 2635 (juxta

232 2662 389 2734 ecclesia
411 2661 617 2756 Anglicanae
647 2685 762 2732 mores
792 2685 833 2732 ae
859 2662 1037 2752 instituta)
1061 2669 1231 2744 utentum
1269 2672 1372 2751 quot-

232 2789 321 2873 quot
338 2803 420 2850 vero
437 2781 585 2875 gradum
602 2777 756 2872 aliquem
773 2778 1000 2871 susceperint,
1018 2777 1158 2870 caputia
1175 2799 1238 2846 suo
1256 2775 1372 2868 cujus·

233 2920 302 2989 que
318 2897 441 2992 gradui
459 2898 699 2989 competentia
716 2896 966 2989 superpelliciis
984 2897 1055 2969 suis
1072 2893 1335 2986 superinduent.
1380 2915 1415 2955 πο

233 3143 384 3216 XVIII.
418 3143 518 3217 Iater
547 3144 701 3243 liturgica
727 3143 874 3241 publica
903 3143 1156 3218 celebrationem
1183 3143 1373 3216 reuerentia

619 3260 768 3334 solemma
786 3258 986 3334 adhibenda.

283 3411 375 3483 Cum
418 3412 537 3483 divina
576 3423 801 3507 peraguntur,
835 3413 893 3486 vel
926 3437 1049 3484 eorum
1082 3434 1162 3505 pars
1195 3409 1371 3503 quaelibet,

234 3551 374 3620 aequurn
392 3537 456 3611 eet,
473 3537 515 3599 ut
531 3529 705 3624 condigna
722 3530 835 3600 omnis
852 3531 1048 3600 reverentia
1064 3527 1295 3598 adhibeatur:
1322 3527 1372 3598 sic

235 3647 330 3716 enim
347 3652 469 3715 monet
491 3644 641 3737 apostoli
663 3655 878 3737 praeceptum
896 3643 994 3728 illud,
1017 3653 1036 3684 “
1048 3643 1179 3717 Omnia
1195 3645 1371 3726 decenter,
1381 3669 1414 3724 25

109 3857 111 3860 Ι
234 3771 272 3833 et
289 3762 482 3832 secundum
504 3761 661 3831 ordinem
682 3760 800 3830 fiant.’'
851 3760 919 3832 Cui
937 3762 1116 3844 decentiae,
1134 3769 1242 3853 atque
1259 3760 1372 3831 ordini

234 3878 372 3972 regulas
395 3878 499 3948 hasce
524 3884 660 3948 nostres
685 3886 872 3969 sequentes
898 3887 1150 3949 consentaneas
1177 3901 1254 3948 esse
1276 3877 1373 3972 judi-

234 4017 364 4066 camus.
416 3991 549 4064 Nullus
571 3995 608 4063 in
625 3993 774 4064 ecclesia
789 3994 847 4066 vel
864 3994 999 4088 capella
1015 3996 1108 4066 inter
1124 4018 1200 4065 rem
1216 3995 1373 4064 divinam

233 4118 341 4205 caput
366 4135 470 4184 suum
492 4112 637 4203 operiet,
660 4110 726 4181 nisi
751 4133 796 4181 ex
824 4134 928 4183 causa
949 4110 1172 4195 infirmitatis,
1191 4133 1262 4203 quo
1290 4133 1372 4182 casu

233 4227 373 4323 pileolo,
390 4238 453 4300 aut
469 4230 542 4299 rica
557 4227 731 4298 utendum
749 4250 941 4300 censemus.
981 4227 1116 4301 Omnes
1133 4228 1373 4321 cujuscunque
1381 4251 1417 4306 30

233 4351 347 4416 status
369 4353 432 4416 aut
450 4345 660 4416 conditionis
679 4367 836 4438 personae
859 4346 1041 4417 humiliter
1055 4346 1093 4416 in
1115 4368 1233 4441 genua
1258 4367 1295 4416 se
1321 4344 1374 4414 in-

233 4461 428 4545 clinabunt,
458 4462 544 4533 dum
577 4463 751 4556 generalis
784 4461 966 4545 confessio,
996 4462 1129 4546 litania,
1160 4471 1197 4532 et
1231 4461 1374 4554 reliquae
