3118 4968
200 213 265 285 raa
433 217 724 286 cancromata
739 217 857 284 caum
869 217 1105 288 marcar.
1296 215 1342 304 [r.

200 394 330 486 atejus
347 394 501 489 episcopi
524 418 664 480 nomen,
682 418 704 466 a
720 417 791 490 quo
814 396 991 489 acceperit
1013 394 1242 468 concionandi
1264 401 1343 488 pot-

199 519 360 582 mmmm.

249 627 434 698 Postremo
447 627 566 698 aeditui
580 626 769 720 diligenter
781 628 957 700 observari
969 631 1143 701 curabunt
1156 653 1200 702 ea
1214 630 1341 714 omnia,

198 767 276 838 quae
292 743 338 815 ad
355 745 508 837 ipsorum
527 743 641 815 officia
661 744 899 836 pertinebunt,
918 769 1065 840 quaeque
1085 748 1190 842 regiis
1206 748 1342 840 injunc-

197 861 362 944 tionibus,
381 869 419 931 et
436 861 473 930 in
489 859 610 932 libello
623 860 925 932 admonitionum⁸
943 863 1180 946 continentur,
1194 885 1367 955 quaeque5

197 975 254 1047 vel
272 977 318 1048 ab
335 977 605 1070 archiepiscopo,
623 975 681 1047 vel
698 978 743 1048 ab
760 979 924 1072 episcopo
937 980 974 1049 in
991 980 1062 1050 suis
1078 981 1248 1072 cujusque
1261 981 1343 1050 visi-

197 1095 390 1166 tationibus
407 1095 453 1166 ad
469 1117 572 1166 usum
586 1094 812 1166 ecclesiarum
830 1104 1079 1190 proponentur.
1114 1094 1251 1179 Quodsi
1264 1097 1342 1188 quis

197 1233 258 1280 eos
287 1210 344 1280 vel
367 1211 494 1305 jurgiis
524 1209 727 1303 petulanter
754 1211 958 1294 insectetur,
990 1208 1048 1280 vel
1077 1211 1186 1281 etiam
1215 1211 1253 1280 in
1280 1213 1341 1304 jus

195 1326 324 1409 trahat,
342 1326 437 1419 quod
461 1325 615 1398 officium
637 1327 796 1412 fecerint,
813 1336 851 1397 et
874 1333 1031 1398 errantes
1053 1328 1276 1412 detexerint;
1304 1327 1340 1397 id

195 1467 337 1538 quoque
353 1444 562 1516 indicabunt
584 1445 759 1539 episcopo,
776 1453 817 1516 ut
835 1445 910 1538 ejus
934 1467 1041 1538 opera
1056 1451 1094 1515 et
1118 1444 1236 1516 studio
1257 1443 1385 1516 iaci-10

196 1559 264 1634 lius
280 1584 302 1633 a
317 1561 481 1634 molestia
496 1560 701 1634 liberentur.

631 1861 908 1942 Contionctorcs.

246 2034 377 2120 Nemo,
408 2037 475 2109 nisi
509 2038 555 2109 ab
585 2039 749 2133 episcopo
783 2042 982 2134 permissus,
1013 2040 1050 2112 in
1084 2041 1249 2135 parochia
1278 2063 1341 2112 sua

194 2153 337 2248 publice
359 2156 574 2248 praedicabit,
592 2179 658 2228 nec
683 2158 830 2251 posthac
847 2155 992 2230 audebit
1016 2159 1215 2230 concionari
1238 2167 1341 2228 extra

193 2271 440 2356 ministerium,
458 2280 496 2343 et
521 2272 707 2344 ecclesiam
730 2297 840 2359 suam,
857 2276 923 2346 nisi
946 2285 1161 2369 potestatem
1187 2277 1238 2347 ita
1257 2298 1340 2346 con·
1350 2295 1382 2354 15

193 2387 357 2459 cionandi
373 2389 558 2481 acceperit,
577 2388 672 2460 vela
692 2389 789 2485 regia
811 2393 999 2486 maJestate
1016 2415 1080 2485 per
1100 2413 1223 2462 omnes
1239 2393 1339 2486 regni

192 2513 320 2597 partes,
338 2502 396 2576 vel
421 2507 467 2577 ab
491 2506 753 2602 archiepiscopo
778 2531 842 2602 per
866 2507 1170 2602 provinciam,ch
1195 2509 1240 2580 ab
1266 2510 1339 2602 epi-

191 2643 298 2716 scopo
323 2645 388 2716 per
403 2621 592 2694 dioecesim.
644 2623 756 2695 Nulla
780 2633 901 2695 autem
924 2633 1081 2718 potestas
1107 2625 1338 2695 concionandi

191 2739 293 2810 firma
307 2740 374 2811 erit
391 2740 619 2833 inposterum,
633 2750 696 2812 aut
712 2741 964 2813 auctoritatem
976 2740 1132 2835 aliquam
1151 2740 1337 2825 obtinebit,

190 2856 259 2927 nisi
292 2864 434 2928 tantum
464 2879 543 2949 quse
575 2857 765 2951 impetrata
794 2857 901 2927 fuerit
933 2867 1015 2951 post
1044 2857 1211 2928 ultimum
1242 2858 1382 2928 diemro

191 2973 336 3066 Aprilis,
354 2973 415 3067 qui
433 2973 503 3045 fuit
518 2975 555 3044 in
572 2997 627 3046 an.
645 2994 828 3046 sancxxr.
881 2973 1157 3045 concionatores
1177 2973 1337 3046 modeste

191 3099 230 3163 et
247 3092 361 3163 sobrie
377 3091 415 3161 in
433 3093 528 3163 omni
546 3093 627 3164 vitae
644 3101 745 3186 parte
762 3113 839 3163 sese
855 3099 991 3186 gerent.

241 3208 407 3302 Inprimis
433 3233 517 3281 vero
541 3210 724 3295 videbunt,
742 3233 788 3280 rre
811 3209 897 3302 quid
919 3231 1076 3302 unquam
1099 3209 1251 3280 doceant
1274 3232 1337 3302 pro

191 3327 371 3410 concione,
389 3327 484 3418 quod
511 3349 533 3398 a
556 3327 687 3420 populo
710 3326 871 3420 religiose
895 3325 1008 3396 teneri
1030 3333 1068 3396 et
1094 3325 1188 3396 credi
1215 3325 1336 3410 velint,

190 3442 258 3512 nisi
287 3442 382 3535 quod
408 3449 684 3514 consentaneum
710 3442 756 3513 sit
781 3442 949 3513 doctrinae
977 3441 1122 3514 Veteris
1150 3448 1213 3512 aut
1239 3443 1380 3532 Novi25

189 3557 419 3642 Testamenti,
438 3560 602 3652 quodque
619 3582 665 3631 ex
682 3558 744 3630 illa
760 3559 836 3653 ipsa
852 3558 1012 3630 doctrina
1024 3559 1189 3630 catholici
1207 3570 1336 3653 patres,

231 3797 350 3856 triceno
368 3799 594 3876 admonitionum]
619 3799 681 3862 'l'lre
702 3801 862 3860 celebrated
875 3802 1121 3860 Adverlisements
1141 3803 1175 3861 oi
1194 3803 1245 3860 the
1268 3821 1336 3878 year

193 3895 279 3973 15⁶4·
294 3897 397 3963 which,
412 3897 510 3974 ccting
519 3917 557 3956 on
565 3897 615 3956 the
626 3917 704 3957 same
717 3899 854 3980 principle
871 3919 902 3958 as
915 3901 944 3958 in
953 3900 1002 3958 the
1011 3919 1076 3958 case
1086 3901 1119 3958 of
1129 3901 1210 3959 these
1218 3919 1334 3967 canons,

188 3995 239 4051 the
253 4013 343 4070 queen
357 3993 472 4052 refused
485 4003 517 4052 to
535 4003 587 4071 put
600 3995 678 4054 iorth
692 3998 762 4055 with
777 3998 830 4057 her
844 3998 982 4066 sanction,
998 3999 1138 4075 although
1154 3998 1206 4056 she
1219 3999 1277 4056 had
1291 4017 1334 4056 re·

189 4092 288 4168 quired
300 4091 351 4150 the
366 4091 484 4168 bishops
498 4092 527 4149 in
547 4093 729 4151 commission
743 4103 774 4153 to
794 4095 871 4154 draw
884 4096 963 4154 them
978 4117 1025 4172 up,
1040 4097 1097 4154 and
1110 4097 1274 4154 afterwards
1289 4097 1333 4153 in·
1343 4109 1379 4165 30

189 4190 278 4248 sisted
291 4190 355 4249 thot
372 4191 441 4266 they
454 4191 558 4248 should
575 4191 611 4250 be
630 4192 791 4270 rigorously
805 4193 948 4252 enforced.
993 4193 1038 4272 By
1051 4194 1109 4252 this
1123 4193 1180 4252 ond
1196 4195 1235 4270 by
1252 4194 1335 4251 other

189 4288 296 4365 synode
309 4288 378 4365 they
392 4307 469 4346 seem
491 4295 522 4346 to
540 4287 613 4348 have
631 4289 704 4348 been
718 4293 887 4350 considered
900 4313 931 4350 as
946 4293 1054 4370 having
1067 4293 1117 4352 the
1133 4301 1211 4352 most
1227 4293 1335 4370 perfect

189 4386 344 4465 authority.
387 4385 443 4446 Sec
456 4387 628 4447 Document.
643 4389 720 4447 Arra.
737 4389 823 4448 voli.
837 4409 867 4467 p.
878 4391 944 4467 287.
