3140 4972
230 182 294 246 144
469 181 680 246 mennatum
692 181 759 246 ond
773 181 895 246 Canom
908 179 1141 246 Ecciceiuctical.
1291 177 1369 262 [ΙΙΙ.

228 454 286 528 Dc
312 454 513 552 quibasdam
537 457 631 528 cinca
656 455 1038 527 excommunicationem
1064 452 1253 526 accessibus
1278 475 1371 526 cocr-

568 554 684 628 cendie
699 555 770 626 sinc
785 551 1028 651 reformandis,

281 705 375 790 Quia
408 705 783 777 excommunicationis
822 727 905 774 usus
938 705 975 776 in
1008 704 1158 776 ecclesia
1190 713 1370 798 perpetua·

230 822 318 916 legis
340 823 496 916 vigorem
514 822 591 915 jam
614 820 780 902 obtinuit,
806 829 914 912 atque
938 821 975 891 in
1003 823 1099 891 omni
1123 821 1370 914 jurisdictione

230 938 468 1010 ecclesiastica
489 938 687 1009 exercenda
711 936 893 1029 hucusque
923 938 1107 1021 retinetur,
1130 938 1210 1010 ideo
1238 938 1396 1030 absque5

230 1053 353 1149 grandi
375 1056 573 1126 mutatione
597 1055 707 1126 totius
731 1055 847 1146 ejusce
868 1053 1123 1147 jurisdictionis
1145 1063 1183 1125 et
1203 1053 1371 1147 plurima·

231 1193 310 1241 rum
338 1171 444 1262 hujus
472 1171 573 1264 regni
604 1169 724 1264 legum
758 1171 917 1240 innovari
951 1168 1007 1240 vel
1046 1171 1187 1242 alterari
1219 1171 1370 1263 nequit3

231 1286 469 1369 nihilominus,
504 1294 546 1356 ut
583 1286 904 1358 excommunicatio
939 1284 1031 1377 (quae
1070 1286 1290 1358 auctoritatis
1329 1308 1371 1356 ac

134 1483 142 1494 ,
232 1401 425 1496 disciplina
441 1402 686 1474 ecclesiasticae
703 1402 802 1494 quasi
824 1424 952 1474 nervus
968 1402 1112 1495 quidam
1129 1425 1171 1473 ac
1189 1402 1371 1473 vinculum

189 1585 193 1590 .
231 1518 435 1590 habendum
450 1525 520 1612 est)
538 1519 583 1590 ad
607 1519 795 1612 pristinum
819 1541 923 1589 suum
947 1541 1061 1602 usum,
1079 1518 1187 1588 decus
1199 1526 1241 1620 et
1259 1516 1373 1612 dignis
1381 1536 1415 1575 10

232 1645 344 1706 tatem
368 1635 579 1720 reducatur;
605 1643 751 1706 cautum
775 1643 840 1718 est,
857 1645 898 1705 ut
921 1636 1201 1728 quotiescunque
1225 1641 1372 1706 censura

232 1753 301 1822 ista
327 1753 363 1821 in
392 1752 633 1824 immediatam
663 1775 803 1845 poenam
833 1753 985 1844 cujusvis
1015 1753 1159 1822 notoriae
1188 1751 1370 1833 basenens,

232 1867 439 1952 schismatis,
469 1869 634 1951 simonia,
663 1869 818 1961 perjurii,
848 1891 970 1950 usurae,
1002 1869 1168 1950 incestus,
1197 1866 1371 1948 adulterii,

233 2007 295 2056 seu
312 1985 479 2079 gravioris
496 1985 642 2078 alicujus
659 1985 814 2056 criminis
828 1985 964 2056 venerit
980 1982 1181 2078 infligenda,
1197 1983 1373 2054 sententia

234 2104 310 2195 ipsa
331 2101 388 2172 vel
413 2125 477 2194 per
496 2102 810 2194 archiepiscopum,
827 2102 1041 2194 episcopum,
1059 2101 1243 2182 decanum,
1260 2100 1416 2178 archi-15

234 2217 432 2300 diaconum,
455 2216 512 2288 vel
535 2217 824 2311 praebendarium,
851 2218 971 2306 (modo
1001 2217 1107 2287 sacris
1129 2217 1309 2287 ordinibus
1334 2225 1373 2287 et

234 2333 471 2405 ecclesiastica
486 2334 731 2426 jurisdictione
750 2334 918 2425 praeditus
935 2334 1069 2426 fuerit.)
1086 2335 1122 2403 in
1139 2333 1279 2426 propria
1295 2354 1374 2424 per-

234 2473 320 2522 sona
353 2450 650 2544 pronunciabitur,
684 2474 756 2521 una
788 2473 870 2521 cum
904 2451 1078 2543 ejusmodi
1111 2451 1309 2543 frequentia
1335 2459 1373 2520 et

234 2569 442 2651 assistentia,
469 2591 546 2661 quae
570 2569 615 2639 ad
641 2564 811 2660 majorem
836 2568 887 2638 rei
912 2568 1160 2646 auctoritatem
1186 2566 1374 2639 conciliau-

234 2687 316 2756 dam
334 2685 530 2756 conducere
548 2685 735 2757 videbitur.
1382 2708 1417 2747 20

286 2800 451 2894 Denique
467 2801 562 2895 quod
579 2801 819 2894 unusquisque
837 2801 985 2870 vicarius
1002 2799 1186 2894 generalis,
1204 2799 1373 2888 officialis,

236 2942 299 2991 seu
324 2921 590 3002 commissarius,
616 2920 675 3011 qui
711 2919 849 2989 ordines
874 2916 1129 2988 ecclesiasticos
1158 2939 1229 2987 non
1258 2940 1375 2988 susce-

236 3037 338 3130 perit,
373 3037 552 3108 eruditum
585 3036 740 3129 aliquem
773 3034 1017 3128 presbyterum
1047 3034 1112 3104 sibi
1146 3043 1302 3104 accenset
1336 3043 1374 3106 et

236 3153 432 3237 associabit,
449 3154 509 3245 qui
533 3152 720 3224 sufficienti
736 3151 948 3222 auctoritate
965 3149 1022 3220 vel
1045 3150 1091 3220 ab
1114 3151 1189 3242 ipso
1210 3151 1374 3243 episcopo

237 3271 273 3339 in
292 3259 627 3362 jurisdictione'sua,
645 3268 702 3339 vel
722 3268 767 3338 ab
787 3267 1030 3338 archidiacono
1055 3265 1274 3360 (presbytero
1298 3269 1417 3348 exi-25

237 3388 369 3477 stante)
387 3387 422 3454 in
438 3385 684 3477 jurisdictione
705 3408 768 3456 sua
788 3385 956 3466 munitus,
975 3385 1081 3477 idque
1107 3407 1153 3454 ex
1174 3375 1380 3478 praescripto

237 3502 346 3594 ipsius
364 3503 494 3594 judicis
519 3513 605 3573 tunc
630 3501 819 3595 praesentis,
838 3501 1213 3573 excommunicationis
1235 3511 1375 3572 senten·

237 3619 324 3688 tiam
341 3641 405 3711 pro
422 3619 644 3689 contumacia
661 3617 900 3688 denunciabit.

289 3733 467 3805 Volumus
501 3737 619 3818 etiam,
653 3743 695 3806 ut
724 3735 816 3806 sicut
850 3734 1083 3804 constitutum
1117 3743 1172 3805 est
1202 3734 1374 3826 ejusmodi

238 3853 641 3923 excommunicationem
664 3874 728 3945 per
747 3850 948 3922 ministrum
973 3849 1127 3922 eeclesia
1148 3851 1350 3922 denunciari
1364 3874 1419 3937 330

238 3970 290 4039 ita
310 3970 384 4061 ipse
403 3970 516 4061 judex
539 3971 583 4039 de
608 3968 829 4040 absolutione
855 3969 963 4061 ipsius
987 3968 1039 4037 rei
1062 3977 1143 4061 post
1168 3969 1375 4039 satisfactio-

238 4107 318 4156 nem
338 4109 436 4156 suam
455 4095 643 4178 peractam,
661 4086 812 4155 eundem
836 4085 1036 4155 ministrum
1054 4085 1241 4154 certiorem
1258 4085 1374 4168 faciat,

239 4205 298 4298 qui
329 4205 478 4274 eandem
508 4202 766 4302 absolutionem
794 4200 926 4295 populo
951 4200 1093 4294 publice
1123 4201 1374 4285 denunciabit3

238 4344 280 4392 ac
297 4320 439 4390 interim
456 4319 552 4410 quod
572 4318 663 4388 benc
680 4317 801 4389 licebit
819 4319 914 4389 dicto
935 4317 1095 4390 ministro
1112 4338 1213 4387 reum
1230 4339 1252 4387 a
1268 4317 1374 4388 sacris

239 4459 357 4510 arcere
374 4445 411 4505 et
433 4432 613 4528 repellere,
631 4443 799 4525 tanquam
821 4435 858 4504 in
875 4432 1060 4504 ecclesiam
1082 4433 1229 4506 minime
1251 4435 1418 4528 recipi-35
