3118 4968
200 232 309 317 1571]
431 235 722 302 Oomdmbmaud
737 236 855 300 anom
868 235 1102 302 Ewhsiastioul
1275 237 1339 302 117

196 405 251 474 vel
282 429 365 477 oum
395 432 494 482 sacro
520 411 588 482 Dei
618 411 736 493 verbo,
768 410 825 480 vel
853 433 937 481 eum
971 411 1128 484 articulis
1158 410 1339 505 religionis

194 531 326 596 nostrae
341 528 542 619 approbatis
554 529 592 598 in
604 529 748 622 syuodo,
762 527 856 598 haud
870 527 977 598 dubie
991 550 1071 598 oum
1090 527 1217 597 eodem
1230 528 1338 598 verbo

195 637 264 710 Dei
285 642 599 728 eonsentieutibus,
617 643 674 713 vel
700 666 783 714 oum
808 641 899 714 libro
923 643 1145 737 publicarum
1166 666 1337 736 preoum;

195 756 348 828 deoanus
372 765 436 828 aut
461 759 694 830 residentiarii
719 760 833 851 primo
857 782 997 851 quoque
1022 767 1183 853 tempore
1205 761 1338 831 iudiea-

193 871 285 944 bunt
309 875 345 946 id
369 875 535 968 episeopo
559 875 671 948 literis
695 877 777 958 suis,
799 885 838 946 et
863 897 986 946 eorum
1007 875 1153 969 aliquot,
1171 877 1231 968 qui
1254 898 1362 951 oon-5

194 993 397 1062 oionautem
422 993 643 1077 audiverunt,
660 1015 769 1064 manu
794 989 1018 1087 consignatis,
1039 1000 1081 1062 ut
1106 991 1167 1062 ille
1192 1001 1337 1076 statuat,

194 1110 288 1201 quod
306 1108 494 1180 videbitur.
524 1109 531 1120 '

630 1308 896 1384 Archidiaooai.

246 1458 373 1544 Quivis
397 1461 664 1536 archidiaconus
683 1463 830 1535 habebit
847 1463 943 1534 domi
966 1483 1038 1533 suae
1054 1470 1093 1532 et
1111 1460 1199 1532 alios
1220 1457 1336 1541 libros,

195 1587 232 1648 et
245 1579 455 1652 nominatim
469 1603 539 1663 eos,
554 1581 614 1672 qui
628 1581 866 1652 inscribuntur
881 1579 1118 1650 Monumeuta
1132 1585 1336 1669 martyrum.
1349 1604 1383 1643 10

244 1691 536 1779 Archidiaoonus,
553 1697 614 1788 qui
632 1696 687 1767 vel
699 1698 781 1790 jure
799 1695 988 1778 communi,
1003 1693 1060 1764 vel
1079 1693 1337 1786 praescriptione

195 1810 304 1881 habet
330 1820 545 1904 potestatem
577 1813 753 1897 visitandi,
778 1812 888 1884 semel
916 1811 954 1882 in
981 1809 1137 1906 singulos
1163 1833 1273 1880 annos
1300 1811 1337 1878 in

195 1949 344 2019 persona
364 1951 427 2000 sua
444 1929 603 2001 visitabit
623 1931 840 2022 provinciam
863 1951 972 2012 suam,
990 1949 1105 2020 neque
1123 1948 1337 2021 quemquam

195 2039 262 2110 sibi
296 2042 488 2114 substituet
522 2045 719 2129 officialem,
753 2045 820 2116 nisi
855 2045 916 2137 qui
949 2044 986 2114 in
1016 2042 1198 2113 academia
1230 2039 1337 2110 fuerit

195 2157 376 2243 educatum,
394 2167 432 2230 et
448 2161 521 2253 juri
544 2160 639 2232 civili
662 2183 806 2254 operam
831 2160 978 2244 dederit,
1005 2171 1043 2230 et
1065 2182 1198 2230 annum
1223 2157 1379 2231 aetatisrs

196 2277 402 2347 vicesimum
419 2287 584 2371 quartum
601 2279 852 2373 compleverit;
879 2287 917 2349 et
939 2301 1010 2348 nou
1033 2275 1147 2347 solum
1165 2275 1336 2355 doctrina,

196 2392 257 2462 sed
291 2393 401 2463 etiam
428 2395 613 2488 gravitate,
641 2405 680 2466 et
708 2396 885 2467 modestia
917 2418 981 2488 par
1013 2395 1060 2465 sit
1093 2392 1257 2464 obeundo
1284 2390 1335 2462 illi

195 2511 343 2581 muneri.

246 2625 507 2711 Arohidiaooni,
524 2636 563 2700 et
582 2629 723 2701 illorum
744 2630 938 2711 substituti,
956 2651 1044 2720 quos
1066 2626 1246 2720 appellant
1263 2625 1338 2696 offi-

195 2742 311 2826 ciales,
324 2745 362 2814 in
380 2745 639 2818 visitationibus
655 2747 727 2820 suis
744 2747 921 2818 vocabunt
938 2745 1072 2817 olerum
1090 2745 1134 2814 ad
1151 2743 1336 2824 rationem,
1348 2767 1383 2806 20

195 2869 368 2952 quantum
393 2862 541 2953 quisque
566 2863 782 2955 promoverit
808 2864 845 2933 in
871 2863 990 2934 studio
1015 2861 1277 2954 seripturarum,
1300 2867 1338 2930 et

195 2978 396 3070 quicunque
413 3001 459 3048 ex
477 2976 539 3050 illo
555 2979 678 3050 ordine
692 2979 935 3074 magisterium
952 2978 1082 3048 artium
1098 2977 1135 3046 in
1149 2975 1337 3046 academiis

195 3117 266 3164 non
279 3094 474 3188 attigerint,
488 3093 557 3165 illia
570 3105 768 3188 proponent
785 3103 923 3188 partem
937 3093 1092 3186 aliquam
1106 3092 1203 3163 Novi
1216 3091 1338 3162 Testa·

195 3211 308 3281 menti
328 3211 534 3281 memoriter
550 3210 785 3294 adimendam,
803 3233 934 3303 eosque
958 3211 995 3280 iu
1019 3209 1181 3303 proxima
1204 3208 1336 3302 synodo

194 3327 240 3396 od
268 3327 516 3420 repetitionem
546 3325 700 3422 adigant,
727 3335 765 3397 et
790 3335 1027 3410 contumaees,
1053 3336 1091 3398 et
1117 3325 1337 3420 negligentes
1347 3346 1379 3399 25

195 3444 360 3536 episeopo
377 3442 595 3514 iudicabunt.

245 3559 396 3633 Poraota
411 3561 624 3646 visitatione,
641 3561 906 3634 archidiaconus
929 3558 1141 3655 significabit
1161 3560 1337 3653 episeopo,

195 3701 282 3770 quos
298 3677 473 3748 invenerit
489 3677 527 3748 in
545 3701 684 3770 quoque
701 3679 886 3761 decanatu,
904 3700 948 3748 ea
964 3676 1133 3760 dootrinu,
1152 3683 1190 3746 et
1200 3676 1338 3768 judicio

194 3791 370 3885 praeditos,
383 3799 425 3861 ut
442 3791 539 3885 digni
556 3793 638 3874 sint,
651 3791 712 3882 qui
729 3814 792 3885 pro
806 3791 976 3861 oonoioue
987 3790 1138 3860 dooeaut
1155 3787 1337 3880 populum,

195 3918 233 3978 et
262 3909 405 4001 praesint
438 3907 527 3979 aliis.
591 3907 649 3978 Ex
683 3907 753 3978 illis
786 3908 971 4002 episeopus
1004 3912 1122 3998 potest
1156 3902 1335 3974 delectum
1346 3935 1381 3990 30

154 4115 157 4122 Ι
195 4023 320 4108 lacero,
346 4047 434 4118 quos
459 4024 547 4096 velit
573 4046 649 4094 esse
674 4025 827 4096 decanos
851 4023 995 4094 rurales.

246 4138 497 4212 Arohidiaooni
519 4141 558 4211 iu
576 4163 698 4212 omnes
715 4140 962 4232 delinquentes
978 4160 1109 4220 severe,
1130 4145 1168 4206 et
1184 4136 1338 4230 graviter

195 4257 488 4340 animadvertent,
515 4279 631 4349 neque
660 4256 899 4327 connivebunt
928 4257 972 4326 ad
1003 4253 1099 4337 vitia,
1126 4263 1188 4324 aut
1216 4275 1338 4345 quem-

196 4397 313 4466 quam,
330 4397 437 4466 quem
454 4381 594 4444 constat
610 4372 806 4455 offendisse,
824 4374 969 4466 impune
986 4371 1082 4442 abire
1100 4371 1289 4465 patientur.

246 4490 499 4564 Arobidiaooui
524 4492 707 4575 curabunt,
731 4501 772 4562 ut
794 4490 987 4562 forensium
1010 4511 1154 4562 suorum
1176 4497 1379 4565 aotommss
