3140 4972
219 195 286 260 sor
454 192 672 260 eamcam
685 193 754 258 aaa
769 193 892 258 canam
907 192 1148 258 mamaea.
1302 191 1361 280 [n.

218 392 369 465 presens
384 370 590 444 constitutio
612 392 684 441 nou
700 367 746 440 ad
768 370 883 464 ipsum
899 377 1074 441 rectorem
1095 377 1159 442 aut
1174 367 1357 454 ricarium,

220 488 282 559 sed
306 489 351 560 ad
369 489 505 560 dictum
527 495 692 558 curatum
718 485 775 557 vel
799 485 1033 557 substitutum
1054 484 1129 556 illic
1151 493 1361 578 presentem

220 604 445 677 extendatur.

222 800 345 873 LXX.
387 801 555 874 Ministri
578 799 838 896 baptizatorum,
863 797 1071 884 audentiam,
1096 808 1128 871 et
1152 795 1360 894 sepultorum

534 918 718 1016 registrum
735 914 1045 1009 conservarejassi.
1367 931 1385 989 5

271 1066 315 1139 In
332 1068 428 1138 omni
445 1067 549 1160 hujus
565 1067 665 1160 regui
682 1064 831 1137 ecclesia
851 1064 1043 1158 parochiali
1065 1073 1103 1137 et
1119 1062 1255 1158 capella
1270 1063 1360 1134 liber

220 1207 267 1254 ex
297 1206 509 1278 pergameno
539 1182 829 1276 parochianorum
862 1183 1061 1274 sumptibus
1090 1180 1359 1274 comparabitur,

220 1301 258 1370 in
274 1323 345 1393 quo
362 1300 532 1371 conscribi
549 1297 711 1369 volumus
728 1298 822 1368 diem
840 1307 877 1369 et
894 1321 1025 1369 annum
1043 1300 1212 1392 cujusque
1228 1299 1360 1392 bsptis-

219 1417 334 1498 matis,
358 1415 585 1500 matrimonii,
602 1422 641 1485 et
663 1414 861 1508 sepulture,
879 1438 956 1508 quae
979 1415 1069 1486 infra
1089 1417 1238 1487 eandem
1260 1439 1361 1509 paro-

221 1532 337 1602 chiam
366 1534 590 1627 contigerint,
618 1554 664 1601 ex
693 1552 763 1622 quo
788 1530 848 1603 lex
873 1533 910 1601 iu
938 1541 1179 1624 campartem
1206 1533 1404 1624 primum10

220 1646 294 1719 lata
326 1658 390 1730 est,
425 1656 599 1741 quatenus
636 1656 796 1719 veterum
834 1648 1062 1741 registrorum
1099 1648 1200 1741 copia
1238 1647 1359 1719 haberi

219 1773 348 1858 potest,
365 1767 539 1860 praecipue
561 1787 645 1836 vero
667 1764 712 1835 ab
734 1764 836 1834 initio
858 1764 958 1858 regni
981 1764 1208 1835 serenissimae
1230 1766 1360 1858 reginae

219 1904 334 1976 nuper
361 1882 547 1954 defuncte.
596 1881 658 1953 Ad
687 1903 793 1973 quem
817 1880 947 1951 librum
972 1881 1085 1951 tutius
1111 1881 1360 1951 asservandum

219 1999 392 2069 oeeonomi
419 1997 679 2088 (communibus
704 1996 994 2090 parochianorum
1022 1995 1204 2090 impensis)
1234 1997 1360 2068 cistam

220 2136 370 2185 crassam
391 2122 429 2185 et
451 2115 589 2185 firmam
613 2115 788 2186 curabunt
809 2114 946 2198 confici,
969 2123 1052 2186 eu'm
1075 2114 1188 2185 tribus
1214 2115 1299 2185 seris
1321 2123 1402 2188 et15

219 2229 385 2312 clavibus,
403 2253 552 2322 quarum
569 2253 640 2301 una
656 2252 764 2323 penes
780 2229 991 2314 ministrum,
1004 2229 1146 2322 reliquae
1162 2229 1239 2299 duae
1251 2253 1360 2322 penes

218 2369 418 2418 oeconomos
447 2349 634 2440 separatim
663 2347 925 2432 custodientur3
960 2347 1012 2418 ita
1037 2356 1079 2418 ut
1106 2369 1172 2418 uec
1196 2348 1357 2418 ministro

219 2462 325 2534 liceat
350 2464 425 2534 sine
450 2465 649 2547 oeconomis,
665 2486 782 2556 neque
807 2465 1007 2548 oeconomis,
1024 2464 1090 2534 nisi
1113 2465 1273 2534 ministro
1296 2463 1358 2535 ad-

219 2577 342 2663 hibito,
360 2578 489 2650 librum
506 2580 711 2672 praedictum
729 2581 773 2650 de
790 2581 878 2650 cista
893 2603 1064 2673 promere.
1100 2579 1256 2674 Singulis
1274 2603 1357 2652 vero

219 2695 437 2788 inposterum
454 2696 578 2767 diebus
595 2696 788 2778 dominicis,
802 2695 923 2766 statim
939 2703 1019 2788 post
1032 2695 1149 2766 finitas
1166 2698 1404 2768 matutinas²0

219 2809 277 2881 vel
294 2812 510 2904 vespertinas
530 2834 663 2904 preces,
679 2811 840 2882 minister
856 2819 894 2882 et
910 2813 1084 2882 oecouomi
1106 2810 1236 2882 libmm
1255 2813 1357 2884 iilum

218 2927 526 2998 membranaceum
543 2929 587 2999 de
610 2928 699 2999 cista
719 2927 886 3020 praedicta
908 2935 1117 3010 sumentes
1136 2927 1299 2999 minister
1320 2927 1358 2999 iu

218 3044 404 3136 praesentia
419 3067 681 3115 oeeonomorum
703 3045 740 3114 in
763 3042 889 3114 eodem
914 3044 1081 3115 inscribet
1098 3045 1256 3115 omnium
1280 3066 1359 3138 per-

218 3181 382 3231 sonarum
405 3162 557 3244 nomina,
580 3169 755 3254 quotquot
777 3159 997 3252 praecedente
1022 3159 1245 3231 hebdomade
1267 3161 1359 3232 iufra

218 3276 367 3345 eandem
384 3278 584 3370 parochiam
601 3278 786 3370 baptizate
804 3273 965 3368 (adjectis
981 3277 1068 3348 item
1091 3284 1279 3370 parentum
1295 3287 1402 3346 uo-25

218 3387 381 3472 minibus,
399 3397 437 3460 et
453 3382 734 3484 cognominibus)
751 3388 808 3461 vel
830 3391 1055 3464 matrimonio
1073 3395 1282 3487 conjunctae‚
1301 3393 1357 3465 vel

218 3502 364 3596 sepultae
381 3504 522 3587 fuerint,
540 3504 757 3599 singulorum
776 3506 885 3577 etiam
898 3507 955 3580 die
969 3517 1006 3579 et
1023 3532 1115 3580 anno
1128 3510 1357 3603 specificatis;

218 3641 289 3711 quo
311 3619 406 3691 facto
429 3621 564 3692 dictum
587 3620 716 3691 librum
741 3620 779 3690 iu
800 3623 935 3708 cistam,
953 3634 995 3697 ut
1019 3627 1125 3719 prius,
1142 3625 1357 3697 recondent:

217 3757 259 3806 ac
289 3735 449 3807 minister
477 3745 516 3807 et
544 3737 717 3808 oeeouomi
743 3737 889 3832 singulis
915 3741 1073 3834 ejusdem
1102 3742 1182 3813 libri
1211 3743 1356 3837 paginis,

217 3859 405 3944 postquam
429 3852 714 3946 inscriptionibus
743 3854 915 3947 ejusmodi
945 3858 1101 3952 implete
1126 3859 1268 3943 fuerint,
1295 3882 1403 3943 no-30

216 3968 314 4038 mina
330 3991 394 4039 sua
409 3969 639 4041 subscribent.
692 3967 801 4040 Porro
818 3976 992 4045 oecoucmi
1010 3975 1119 4046 semel
1137 3976 1233 4046 omni
1255 3997 1356 4058 auno,

217 4082 324 4174 idque
352 4085 443 4155 infra
468 4085 659 4156 terminum
683 4087 788 4158 unius
812 4092 943 4162 mensis
967 4101 1048 4184 post
1073 4092 1189 4162 beatae
1215 4091 1358 4186 virginis

217 4197 552 4284 Annuueiationem,
570 4201 615 4272 ad
631 4203 836 4296 episcopum
853 4206 1089 4278 dioecesanum
1110 4207 1167 4279 vel
1184 4208 1260 4300 ejus
1276 4229 1358 4278 cau-

217 4312 399 4386 cellarium
426 4318 670 4389 transmittent
691 4341 813 4389 verum
836 4322 1024 4414 registrum
1049 4323 1123 4394 sive
1148 4325 1356 4417 scripturam

217 4451 339 4500 eorum
356 4432 513 4502 omnium
530 4435 674 4505 nomina
690 4435 942 4520 coutinentem,
960 4439 1020 4530 qui
1037 4440 1127 4511 iufra
1140 4463 1238 4511 suam
1256 4461 1401 4533 parc-35
