3128 4962
159 227 268 312 ψῃ]
555 229 896 317 amoeniorem.
1256 231 1298 294 15

157 401 226 473 Dei
252 425 325 474 non
348 411 521 499 pugnant,
544 414 582 477 et
605 414 689 478 aunt
713 406 929 478 authoritate
954 405 1096 500 publiea
1121 405 1299 479 institutae

156 527 265 610 atque
293 519 460 612 probate,
485 521 642 615 quisquis
664 523 803 616 privato
831 522 977 595 oonsilio
1004 522 1127 593 volens
1153 529 1191 593 et
1216 522 1300 592 data

156 657 264 728 opera
287 635 431 729 pubhoe
454 637 647 723 violaverit,
673 640 714 723 ie,
739 647 781 710 ut
810 641 870 732 qui
901 647 1025 733 peooat
1053 639 1091 709 in
1115 638 1299 732 publicum

156 751 318 823 ordinem
332 751 510 838 Ecclesia,
526 755 657 848 quique
674 755 770 827 laedit
786 755 1040 826 authoritatem
1054 751 1299 850 Magistratus,
1317 777 1319 788 ·

156 877 194 940 et
209 871 273 962 qui
294 870 515 943 infirmorum
536 873 685 945 fratrum
703 874 932 945 oonaoieutias
955 871 1126 956 vulnerat,
1147 871 1324 966 publioe,5

156 994 198 1057 ut
214 989 340 1058 oaeteri
357 989 517 1072 timeant,
534 990 734 1084 arguendus
750 997 815 1062 est.
891 988 914 1035 ¹*
1062 987 1085 1032 ¹*
1227 993 1249 1038 *

568 1294 627 1360 34.
679 1299 699 1329 “
714 1285 895 1361 Homilioe.

206 1445 227 1476 “
244 1435 419 1508 Homiliae
435 1460 547 1531 nuper
563 1438 730 1511 Eoolesiae
750 1438 957 1534 Anglioanae
976 1461 1040 1533 per
1056 1425 1300 1533 Injunotionee

159 1561 178 1592 ‘⁶
194 1551 330 1647 Regiae
344 1555 486 1626 traditae
507 1562 615 1647 atque
632 1555 900 1641 commendatae,
922 1557 989 1649 piae
1011 1563 1095 1628 sunt
1116 1561 1223 1646 atque
1246 1573 1302 1622 aa·

157 1677 178 1708 “
193 1668 340 1754 luteres,
363 1671 638 1765 doctrinamque,
661 1673 706 1744 ab
729 1674 892 1746 omnibus
913 1672 1197 1768 amplectendam
1216 1692 1346 1752 oon-10

158 1793 179 1823 “
194 1785 339 1857 tinent:
386 1810 494 1879 quare
530 1788 661 1883 populo
698 1789 894 1884 diligenter,
932 1789 1099 1884 expedite
1138 1787 1301 1880 olarequo

159 1909 179 1941 “
194 1902 387 1974 reoitandae
403 1905 516 1974 eunt?
738 1904 761 1951 ¹*
959 1906 982 1951 ¹*
1130 1910 1152 1955 *

160 2149 219 2214 35.
272 2153 295 2184 “
311 2140 369 2215 De
392 2142 481 2217 loro
500 2143 745 2220 Precationom
772 2155 804 2219 ot
828 2143 1110 2219 ceremoniarum
1135 2142 1303 2217 Eoobaoioe

605 2262 856 2363 “Anglioonae.

210 2421 235 2453 “
252 2411 364 2484 Liber
375 2415 436 2507 qui
448 2415 648 2508 nuperrime
660 2415 875 2487 authoritate
892 2413 1001 2508 Regis
1018 2422 1055 2484 et
1074 2411 1347 2502 Parliamenti15

58 2591 63 2596 .
162 2539 182 2570 “
200 2528 376 2603 Ecclesiae
397 2529 605 2626 Anglioauae
629 2531 779 2603 traditus
801 2538 865 2614 est,
890 2533 1073 2602 continens
1095 2528 1242 2602 modum
1264 2535 1303 2599 et

162 2657 182 2686 “
198 2648 351 2719 formam
368 2649 499 2732 orandi,
517 2659 554 2720 et
567 2649 796 2721 Saorameuta
811 2647 1076 2718 administrandi
1092 2647 1130 2715 in
1143 2641 1304 2717 Ecclesia

140 2837 144 2844 ,
162 2773 183 2804 “
199 2763 424 2859 Angliaand:
441 2765 604 2838 similiter
616 2774 654 2837 et
669 2763 810 2836 libellus
822 2764 946 2836 eadem
959 2763 1175 2834 authoritate
1187 2761 1304 2832 editus

162 2889 184 2920 “
200 2879 261 2952 De
286 2881 505 2952 ordinatione
527 2884 765 2954 ministrorum
791 2879 972 2964 Eoolesiae,
994 2880 1110 2973 quoad
1133 2878 1303 2950 doetrinae

163 3008 184 3038 ‘⁶
200 3000 415 3082 veritatem*
430 3000 481 3093 pii
509 3008 601 3084 eunt,
631 3009 669 3072 et
695 2998 839 3071 salutari
864 2998 1031 3069 deotrinae
1057 2995 1241 3090 Evangelii
1266 2993 1348 3072 in20

163 3125 186 3156 “
201 3116 303 3188 nullo
323 3125 521 3214 repugnant
544 3119 606 3190 sed
628 3124 837 3213 congruunt,
853 3123 892 3187 et
913 3114 1062 3185 eandem
1084 3136 1157 3184 non
1178 3134 1304 3206 parum

165 3243 415 3338 ‘fpromovent
438 3244 478 3307 et
502 3235 700 3308 illustrant:
737 3242 844 3326 atque
868 3232 949 3302 ideo
974 3230 1019 3302 ab
1046 3227 1209 3300 omnibus
1235 3225 1304 3298 Eo-

166 3361 186 3392 “
203 3350 321 3423 oleeiae
353 3350 561 3447 Anglioanoe
596 3351 759 3423 fidelibus
797 3349 976 3434 membris,
1014 3354 1052 3418 et
1087 3345 1243 3416 maxime
1282 3342 1305 3415 ia

145 3479 186 3510 ·“
203 3471 373 3542 ministris
394 3470 504 3558 verbi,
521 3491 603 3541 oum
626 3469 724 3541 omui
745 3465 1024 3561 promptitudine
1046 3463 1243 3535 animorum
1266 3468 1305 3532 et

166 3596 189 3628 ‘⁶
206 3590 398 3682 gratiarum
432 3588 572 3660 actione
603 3585 806 3680 reeipiendi,
839 3581 1064 3677 approbandi,
1099 3588 1136 3650 et
1172 3575 1304 3673 populo
1314 3606 1348 3665 ²5

168 3714 188 3744 “
204 3704 276 3777 Dei
293 3705 562 3777 commendandi
572 3704 693 3777 'sunt’'

389 3986 475 4060 at.
526 3985 583 4058 Do
601 3984 768 4060 Civilibus
783 3982 1058 4084 Mophtrotidoa

219 4147 240 4180 “
258 4137 340 4210 Rex
373 4136 518 4233 Angliae
552 4147 607 4209 est
639 4157 842 4231 supremum
875 4141 982 4228 eaput
1014 4135 1053 4203 in
1085 4132 1197 4215 terris,
1226 4140 1307 4225 post

170 4263 190 4294 ‘⁴
207 4254 413 4340 Ouarsrmn,
430 4253 597 4326 Eoolesiae
614 4250 824 4348 Anglioanae
841 4259 879 4322 et
896 4249 1132 4322 Hibemioae.”
1181 4249 1205 4294 ¹¹
1254 4245 1276 4288 ⁴*

216 4371 398 4444 &manus
413 4370 581 4443 Pontifex
602 4369 737 4442 nullam
757 4369 866 4441 hahet
875 4366 1158 4463 jurisdictionem
1175 4367 1213 4438 iu
1232 4366 1303 4438 hoo
1313 4401 1349 4458 30

171 4486 294 4583 Regno
311 4487 466 4584 Angliae.
519 4488 741 4577 [Magistratus
753 4487 855 4556 civilis
866 4485 1026 4590 estheo
1037 4485 1200 4552 ordinatus
1211 4495 1306 4576 atque
