3118 4968
159 229 269 318 κεν-1
553 232 899 320 cononum.

495 513 553 578 28.
604 505 662 578 Dc
679 505 788 582 oona
803 505 962 580 Domini.

208 679 322 752 Coerra
339 679 485 751 Domini
504 703 577 752 non
593 689 648 752 est
665 687 807 752 tantum
826 683 968 776 signum
988 689 1122 752 mutuae
1146 680 1302 752 beneuo-

154 797 276 868 lentioe
293 795 575 869 Christianorum
597 799 691 868 inter
711 820 797 882 sese,
814 821 937 870 verum
962 798 1082 892 potius
1107 807 1162 869 est
1179 797 1303 869 Sacra-

155 923 321 984 mentum
337 921 465 985 nostrae
482 938 546 1008 per
561 921 713 985 mortem
731 913 863 986 Christi
879 914 1142 1008 redemptionis.

205 1029 333 1122 Atque
352 1031 452 1116 adeo,
469 1029 550 1115 rite,
568 1028 683 1126 digne,
701 1037 838 1102 etcum
860 1031 931 1103 fide
954 1032 1185 1116 sumentibus,
1202 1031 1328 1124 panis5

155 1170 265 1241 quem
282 1148 477 1242 frangimus
494 1155 549 1218 cst
566 1148 839 1219 communicatio
856 1149 1010 1242 corporis
1027 1147 1181 1220 Christi:
1208 1146 1305 1218 simi-

157 1266 239 1337 liter
261 1264 429 1358 poculum
453 1265 720 1349 benedictionis,
743 1273 799 1336 est
823 1265 1098 1336 communicatio
1123 1264 1303 1360 sanguinis

159 1383 306 1455 Christi.

208 1501 329 1586 Panis,
346 1508 385 1571 et
393 1499 480 1572 Vini
498 1499 826 1572 transubstantiatio
843 1499 880 1570 in
893 1497 1125 1584 Eucharistia,
1139 1520 1186 1569 ex
1198 1497 1304 1568 sacris

160 1620 273 1691 literis
298 1618 437 1712 probari
459 1641 532 1689 uon
552 1626 681 1712 potest.
733 1616 805 1688 Sed
829 1617 959 1710 apertis
981 1613 1171 1709 Scripturas
1188 1614 1304 1685 verbis
1315 1636 1348 1675 10

159 1737 380 1819 aduersatur,
414 1733 635 1805 Sacramenti
669 1741 833 1804 naturam
867 1733 1007 1816 euertit,
1042 1739 1080 1802 et
1108 1729 1304 1801 multarum

160 1853 453 1946 superstitionum
471 1850 571 1920 dedit
587 1851 818 1921 occasionem.

209 1968 348 2060 Corpus
364 1965 497 2038 Christi
515 1966 628 2048 datur,
642 1967 823 2059 accipitur,
834 1973 872 2036 et
882 1965 1117 2037 manducatur
1132 1965 1170 2035 in
1183 1963 1304 2045 Coena,

160 2093 306 2155 tantum
336 2082 483 2166 coelssti,
510 2091 548 2152 et
579 2081 750 2176 spirituali
780 2083 928 2153 ratione.
990 2081 1155 2153 Medium
1183 2089 1305 2152 autem

160 2225 232 2296 quo
267 2223 395 2294 corpus
420 2199 553 2271 Christi
583 2201 764 2293 accipitur,
790 2208 829 2270 et
855 2201 1091 2271 manducatur
1117 2199 1154 2270 in
1185 2197 1305 2282 Coena,
1316 2223 1349 2280 15

161 2320 251 2391 fides
268 2327 334 2388 est.
1402 2307 1405 2313 ⁴

210 2434 483 2507 Sacramentum
507 2431 749 2515 Eucharistiae,
765 2454 812 2502 ex
835 2432 1061 2503 institutione
1078 2431 1211 2502 Christi
1234 2456 1305 2503 non

160 2552 380 2636 seruabatur,
397 2549 719 2630 circumferebatur,
738 2547 955 2633 eleuebatur,
972 2571 1040 2619 nec
1055 2548 1280 2620 adorabatur.

163 2833 222 2908 29.
290 2822 349 2896 Dc
373 2821 635 2894 mcoducctimw
660 2821 816 2916 corporis
843 2817 987 2904 Christi,
1013 2831 1045 2893 ct
1069 2822 1195 2918 impios
1220 2819 1309 2894 illud

572 2961 643 3010 noc
667 2936 884 3010 moodrrcorc.
1317 2953 1352 2993 20

211 3117 331 3211 Impij‚
344 3123 382 3186 et
395 3116 466 3187 fide
479 3117 560 3187 viua
576 3114 751 3200 destituti,
765 3113 850 3184 licet
860 3112 1059 3198 carnaliter,
1073 3121 1110 3184 et
1123 3111 1308 3184 visibiliter

161 3236 218 3324 (rt
246 3233 470 3328 Augustinus
500 3230 671 3325 loquitur)
699 3231 864 3324 corporis,
894 3240 931 3302 et
966 3231 1145 3326 sanguinis
1174 3229 1306 3302 Christi

161 3359 435 3432 sacramentum,
469 3348 635 3419 dentibus
676 3355 850 3441 premant,
894 3345 992 3417 nullo
1034 3355 1156 3418 tamen
1200 3347 1307 3417 modo

162 3467 297 3539 Christi
313 3466 503 3562 participes
520 3464 730 3536 efficiuntur.
783 3462 855 3534 Sed
872 3463 990 3557 potius
1003 3471 1111 3534 tantae
1127 3464 1178 3534 rei
1196 3486 1308 3535 sacra·

162 3594 337 3667 mentum,
356 3607 420 3654 seu
443 3580 654 3677 symbolum,
677 3581 723 3650 ad
742 3579 912 3650 iudicium
936 3580 1002 3651 sibi
1025 3580 1251 3664 manducant,
1270 3587 1307 3652 et
1317 3601 1351 3659 25

161 3702 303 3772 bibunt.

511 3879 571 3946 30.
614 3871 671 3945 Dc
686 3883 828 3969 utroque
843 3875 964 3969 specie.

212 4050 318 4122 Calix
335 4049 482 4121 Domini
506 4048 603 4121 laicis
626 4073 698 4120 non
715 4057 770 4120 est
787 4049 1026 4143 denegandus,
1043 4047 1192 4142 utraque
1209 4051 1306 4120 enim

160 4189 241 4262 pars
275 4166 456 4238 Dominici
493 4166 717 4250 sacramenti,
750 4188 797 4237 ex
832 4164 964 4237 Christi
997 4164 1234 4248 institutione,
1268 4174 1307 4235 et

160 4291 350 4378 praecepto,
394 4283 558 4354 omnibus
599 4280 818 4368 Christianis,
852 4305 898 4353 ex
939 4305 1038 4376 aequo
1072 4281 1351 4364 administrari3o

162 4402 281 4474 debet.
