3118 4968
228 224 334 309 1571]
452 225 748 292 emmonem
761 227 883 294 Caseus
896 217 1128 292 Eorleriartieol.
1302 223 1365 287 121

224 407 344 470 tenter
363 398 432 491 (uti
456 425 520 496 par
542 405 611 496 est)
641 410 680 472 et
705 403 764 496 pie
793 411 963 498 peragent
990 425 1128 474 sacrum
1157 399 1366 495 mysterium

224 515 275 586 ita
297 516 400 600 olere,
426 528 557 612 aperte,
586 527 624 590 et
650 520 826 602 distinete,
853 529 896 590 ut
916 518 1068 613 populus
1092 516 1226 600 audire,
1250 523 1288 586 et
1314 515 1368 585 in-

225 630 385 727 telligere
408 635 519 728 possit
544 635 629 728 quid
655 636 802 718 dicatur,
828 645 867 706 et
892 658 938 706 ex
964 659 1007 706 eo
1030 634 1307 706 consolationem
1329 639 1368 700 et

224 747 380 819 fmotum
408 772 543 844 capere.
604 751 767 822 Eandem
800 751 974 844 pietatem
1000 758 1039 822 et
1067 749 1302 822 reverentiam
1329 747 1367 818 in

223 868 452 938 sacrosanctis
475 871 584 940 stiam
609 870 785 963 mysteriis
808 868 1023 952 retinebunt,
1047 868 1153 939 modo
1175 890 1221 938 ne
1241 867 1287 938 ad
1311 877 1391 938 su-5

224 982 480 1073 perstitionem,
500 995 563 1056 aut
587 986 841 1069 adorationem,
858 995 921 1056 aut
946 983 1207 1056 idololatrieum
1229 981 1367 1053 cultum

224 1107 382 1192 vergant.
433 1100 569 1186 Quodsi
595 1110 756 1195 tempore
779 1125 884 1174 saorae
902 1100 1160 1172 communionis
1184 1098 1283 1169 nulla
1299 1099 1367 1169 erit

224 1217 356 1298 concio,
375 1218 420 1288 de
445 1219 576 1312 scripto
597 1225 635 1290 et
656 1242 677 1290 e
699 1219 838 1312 pulpito
863 1217 1148 1311 pronunciabunt
1173 1237 1281 1286 unam
1305 1212 1368 1286 ali-

223 1355 340 1425 quam,
358 1344 420 1406 aut
445 1336 552 1407 aliam
575 1337 713 1408 exiliis
738 1336 902 1420 homiliis,
918 1357 1005 1428 quas
1024 1335 1101 1427 jam
1124 1341 1230 1404 antea
1252 1330 1368 1426 publi-

224 1449 380 1520 cavimus
397 1451 433 1520 in
452 1450 554 1522 illum
571 1475 686 1524 usum.
722 1453 872 1524 Interim
890 1451 1170 1523 cohortabuntur
1185 1448 1365 1542 populum,
1378 1469 1411 1508 10

223 1574 265 1635 ut
282 1564 471 1660 diligenter
488 1571 632 1639 veniant
655 1570 700 1641 ad
724 1569 898 1653 ecelesias,
921 1576 963 1640 ut
984 1591 1063 1661 quae
1084 1568 1257 1662 legantur,
1275 1589 1368 1659 quoe·

223 1703 293 1774 que
311 1681 483 1767 dicantur,
503 1691 641 1756 attente
664 1686 820 1768 audiunt,
838 1695 949 1777 utque
967 1707 1004 1756 se
1027 1692 1105 1756 toto
1128 1682 1190 1754 illo
1207 1693 1368 1775 tempore

223 1807 434 1883 reverenter,
470 1809 508 1870 et
534 1801 696 1872 modeste
721 1810 857 1896 gerant.
923 1802 973 1874 Et
1005 1825 1051 1871 ne
1084 1802 1224 1895 piorum
1258 1796 1367 1871 animi

223 1914 411 1987 insolentia
433 1925 471 1987 et
493 1916 687 2013 irreligiosa
705 1917 853 1989 levitate
874 1917 1106 2001 offendantur,
1124 1916 1299 1989 curabunt
1320 1937 1367 1985 ne

217 2033 378 2125 juvenes,
412 2035 606 2125 praesertim
639 2034 771 2117 rustici,
801 2057 952 2126 quorum
985 2034 1127 2128 ingenia
1159 2031 1367 2126 procliviora
1377 2051 1409 2108 15

223 2151 298 2221 fere
315 2159 398 2221 sunt
414 2151 460 2221 ad
484 2151 688 2246 neglectum
710 2151 863 2246 pietatis,
890 2159 928 2221 ct
950 2150 1156 2243 nequitiam,
1174 2171 1264 2219 neve
1288 2147 1368 2241 pul-

224 2277 303 2341 sent
321 2291 518 2362 eampanas,
531 2292 622 2341 neve
638 2294 702 2364 per
718 2267 893 2362 templum
912 2265 1153 2350 obambulent,
1167 2288 1257 2336 neve
1273 2266 1368 2335 inter

223 2407 262 2457 se
287 2385 400 2455 otiose
425 2385 680 2479 colloquantur,
705 2409 796 2458 neve
825 2395 888 2457 aut
918 2386 999 2470 risu,
1026 2392 1089 2455 aut
1115 2385 1276 2476 strepitu,
1303 2390 1367 2454 aut

223 2500 425 2574 scurrilibus
442 2503 585 2596 ineptiis
601 2503 659 2574 vel
675 2503 877 2574 ministrum
895 2502 1100 2596 impediant,
1111 2500 1169 2572 vel
1187 2500 1368 2572 offendant

223 2616 405 2710 populum.
1376 2643 1412 2683 σο

274 2734 533 2808 Admonebunt
571 2736 753 2831 populum,
787 2743 828 2805 ut
862 2735 1081 2827 frequentius
1119 2735 1291 2806 accedant
1321 2732 1367 2804 ad

223 2874 356 2924 sacram
384 2852 680 2936 communionem,
698 2861 810 2944 utque
825 2852 903 2944 jam
926 2859 1032 2923 antea
1052 2859 1129 2922 tota
1148 2857 1270 2921 mente
1298 2847 1368 2938 (uti

223 2991 287 3061 par
310 2971 379 3061 est)
406 2989 483 3038 sese
507 2974 713 3061 preparent.
767 2967 816 3039 Et
836 2976 878 3037 ut
900 2989 1024 3038 omnes
1046 2966 1257 3061 intelligant,
1280 2966 1366 3058 quid

224 3085 377 3156 debeant
395 3083 475 3156 Deo
491 3086 628 3177 optimo
645 3087 824 3168 maxim03
849 3085 934 3178 qnid
951 3085 1109 3179 principi,
1127 3106 1234 3176 quem
1251 3081 1367 3154 colere

223 3225 265 3274 ao
283 3201 442 3272 venerari
468 3199 601 3272 debent
626 3210 668 3271 ut
693 3203 863 3272 vicarium
881 3200 974 3288 Dei;
1007 3201 1094 3294 quid
1117 3200 1263 3296 legibus,
1282 3199 1410 3292 quid25

223 3318 498 3412 magistratibus,
515 3315 600 3410 quid
617 3317 784 3390 fratribus
802 3318 884 3402 suis,
902 3318 987 3410 quid
1004 3316 1135 3412 populo
1150 3316 1236 3401 Dei;
1255 3317 1369 3387 omni-

223 3434 290 3505 bus
315 3433 500 3504 dominicis
525 3441 564 3504 et
588 3433 687 3506 festis
713 3434 838 3505 diebus
867 3435 989 3506 statim
1015 3457 1037 3506 a
1063 3435 1211 3506 meridie
1240 3442 1367 3527 praesto

224 3559 329 3622 erunt
352 3552 390 3621 in
411 3549 564 3644 templis
581 3550 703 3643 ibique
725 3551 913 3622 minimum
932 3551 978 3622 ad
1000 3551 1087 3624 dues
1108 3550 1212 3622 horas
1234 3549 1366 3645 legent,

224 3675 262 3738 et
279 3667 460 3738 docebunt
479 3667 745 3750 catechismum,
762 3675 801 3738 et
820 3667 857 3736 in
874 3690 918 3737 eo
940 3667 1130 3738 instituent
1146 3689 1269 3738 omnes
1286 3689 1368 3738 suos

224 3784 384 3854 omnium
400 3791 556 3868 aetatum,
574 3793 683 3877 atque
700 3785 873 3869 ordinum,
891 3807 963 3855 non
986 3792 1127 3856 tantum
1145 3782 1281 3876 puellas
1304 3793 1413 3864 aut30

223 3921 362 3993 pueros,
380 3900 441 3971 sed
459 3901 579 3983 etiam,
593 3901 622 3970 si
640 3921 730 3992 opus
742 3901 820 3985 erit,
838 3901 1051 3996 grandiores.
1103 3900 1269 3994 Inprimis
1282 3923 1367 3972 vero

223 4016 466 4087 admonebunt
489 4014 731 4088 adolescentes
748 4025 786 4088 et
804 4018 966 4111 juvenes,
983 4039 1056 4088 non
1078 4023 1220 4091 tantum
1241 4037 1367 4099 mares,

224 4133 415 4204 sedetiam
441 4133 612 4216 loeminas,
630 4142 776 4204 cautum
794 4157 870 4206 esse
892 4133 1040 4228 legibus,
1058 4156 1103 4204 ne
1125 4133 1204 4226 quis
1225 4131 1368 4202 illorum

224 4249 281 4320 vel
298 4250 444 4321 accedat
461 4249 506 4321 ad
528 4273 662 4322 sacram
679 4251 976 4333 communionem,
997 4248 1052 4320 vel
1070 4247 1257 4320 contrahat
1279 4271 1369 4341 nup-

224 4365 302 4452 tias,
319 4366 377 4438 vel
399 4366 575 4440 infantem
591 4389 612 4436 e
629 4389 728 4439 sacro
751 4366 851 4439 fonte
867 4366 1043 4460 suscipiat,
1061 4364 1128 4437 nisi
1151 4371 1257 4436 antea
1278 4364 1411 4446 didi-35
