3118 4968
197 199 262 262 128
438 191 653 264 Comitatioas
665 197 733 262 cad
747 199 866 264 Cortona
879 195 1112 262 inambulat.
1300 196 1342 282 [l.

193 373 335 445 talitata
362 376 493 467 juvent
526 396 707 466 pauperes,
742 373 863 467 ibique
896 383 1081 445 versentur
1114 374 1151 443 in
1186 372 1342 468 singulos

193 516 314 576 annos,
331 516 404 563 non
420 494 538 564 minus
554 514 661 585 qnam
679 492 863 585 sexaginta
880 491 965 562 dies.

665 735 870 810 Plnrulitus.

245 907 331 980 Non
354 909 477 980 licebit
494 909 668 1000 cuiquam,
686 908 926 1001 cujuscunque
949 908 994 978 sit
1015 907 1145 1001 gradus
1170 915 1233 978 aut
1251 907 1342 976 ordi-

193 1027 257 1110 nis,
281 1025 468 1120 plusquam
490 1025 562 1095 duo
584 1023 822 1094 ecclesiastica
838 1023 1011 1095 beneficia
1033 1022 1195 1093 obtinere
1214 1022 1366 1094 eodems

194 1151 377 1235 tempore3
415 1163 530 1232 neque
561 1140 728 1234 cuiquam
758 1141 902 1211 omnino
927 1138 1049 1210 licebit
1079 1140 1241 1211 obtinere
1270 1140 1341 1210 duo

194 1257 377 1342 beneficia,
395 1259 424 1329 si
440 1256 628 1351 plusquam
645 1255 769 1351 viginti
789 1279 852 1328 sex
868 1255 1041 1328 milliariis
1058 1257 1226 1328 distincta
1242 1257 1323 1329 sint.

630 1503 897 1604 Ladimapistri.

244 1673 331 1744 Non
347 1672 470 1744 licebit
486 1673 652 1765 cuiquam
670 1674 798 1745 dooere
813 1671 943 1755 literas,
956 1681 994 1743 et
1011 1673 1197 1744 instituere
1213 1696 1340 1767 pueros

192 1814 259 1862 nec
276 1790 418 1884 publice
435 1790 472 1860 in
496 1789 627 1874 schola,
643 1813 709 1861 neo
726 1790 892 1884 privatim
907 1781 953 1861 'in
969 1791 1177 1884 cujusquam
1197 1791 1339 1877 adibus,
1352 1818 1385 1858 10

192 1910 260 1980 nisi
278 1931 385 2001 quem
408 1908 592 2001 episcopus
616 1909 692 2002 ejus
716 1909 907 1979 dioeceseos
930 1907 1190 2001 approbaverit,
1212 1909 1341 2001 cuique

192 2025 259 2098 sub
292 2025 493 2096 auctentico
524 2024 639 2119 sigillo
673 2047 738 2097 suo
772 2023 922 2095 docendi
955 2031 1170 2117 potestatem
1205 2025 1339 2096 fecerit.

193 2142 276 2213 Hoc
305 2149 427 2213 autem
456 2140 535 2213 loco
568 2143 770 2237 primariam
803 2141 1027 2212 nobilitatem
1060 2139 1203 2212 honoris
1235 2164 1341 2213 causa

193 2258 399 2352 excipimus.
452 2257 647 2352 Episcopus
671 2266 793 2330 autern
816 2257 955 2328 nullum
977 2256 1262 2353 ludimagistrum
1279 2282 1341 2352 ap-

191 2375 365 2468 probabit,
383 2397 450 2446 nec
467 2373 529 2444 illo
546 2398 693 2446 munere
711 2375 858 2469 dignum
875 2374 1045 2459 censebit,
1062 2375 1130 2445 nisi
1151 2397 1259 2467 quem
1276 2397 1385 2460 su015

185 2492 323 2584 judicio
349 2491 505 2574 doctum,
531 2499 570 2563 et
594 2491 656 2562 illo
682 2491 760 2562 loco
781 2489 929 2586 dignum
953 2491 1140 2574 invenerit,
1163 2514 1340 2584 quemque

192 2607 238 2678 de
257 2607 332 2678 vita
348 2615 386 2678 et
402 2607 568 2691 moribus,
582 2615 620 2680 et
637 2607 796 2701 inprimis
813 2607 858 2677 de
873 2605 1043 2702 religione
1056 2607 1184 2678 viderit
1201 2609 1340 2701 piorum

191 2723 377 2795 hominum
395 2725 600 2797 testimonio
617 2724 868 2796 commendari.

243 2841 496 2937 Ludimagistri
514 2842 649 2914 nullam
667 2843 846 2914 docebunt
868 2841 1146 2937 grammaticam,
1164 2841 1231 2911 nisi
1249 2863 1337 2924 eam,

192 2982 300 3052 qnam
317 2956 427 3030 solam
444 2959 541 3054 regia
558 2961 723 3054 majestas
743 2981 808 3054 per
824 2981 929 3030 omne
951 2981 1100 3053 regnum
1121 2959 1158 3028 in
1176 2959 1383 3030 omnibus20

192 3075 320 3146 scholis
338 3075 408 3172 legi
429 3077 632 3162 mandavit;
658 3099 726 3148 nec
748 3075 858 3148 alium
880 3075 1050 3147 Latinum
1073 3074 1338 3158 catechismum,

192 3211 299 3283 quam
317 3192 377 3284 qui
394 3193 511 3265 editus
534 3203 589 3265 est
611 3216 705 3265 anno
727 3213 897 3264 mnnxx.
921 3214 1029 3284 quem
1052 3191 1161 3261 etiam
1185 3188 1339 3286 Anglice

192 3307 380 3392 redditum,
398 3333 536 3403 pucros,
554 3311 615 3403 qui
632 3309 761 3381 Latine
778 3309 951 3393 nesciunt,
969 3308 1096 3379 docere
1113 3307 1286 3379 volumus.

242 3421 345 3495 Alios
371 3435 491 3497 autem
517 3425 625 3497 libros
651 3427 841 3508 docebunt,
869 3426 964 3497 unde
992 3424 1122 3509 Latini,
1153 3425 1338 3520 Graecique

192 3541 362 3612 sermonis
388 3542 490 3635 copia
514 3551 553 3614 et
577 3544 711 3637 puritas
734 3545 867 3616 addisci
888 3545 1008 3639 possit,
1026 3552 1064 3614 et
1087 3566 1147 3615 eos
1170 3545 1337 3639 inprimis,
1348 3565 1382 3624 ²5

191 3655 254 3749 qui
287 3656 332 3726 ad
366 3659 532 3729 notitiam
564 3659 708 3744 Christi,
742 3668 780 3732 et
813 3662 985 3756 pietatem
1019 3660 1161 3732 faciant.
1218 3659 1338 3730 Semel

191 3778 312 3841 autem
330 3770 367 3840 in
380 3771 536 3864 singulos
549 3795 658 3844 annos
675 3774 883 3847 indicabunt
895 3774 1070 3869 episcopo,
1084 3796 1171 3866 quos
1183 3772 1338 3845 habeant

192 3909 239 3958 ex
268 3886 366 3956 omni
396 3909 545 3959 numero
571 3885 791 3974 lectissimos,
817 3891 943 3983 quiea
967 3890 1038 3962 sint
1064 3888 1193 3974 indole,
1224 3913 1337 3983 eoque

191 4003 353 4098 profectu
378 4003 415 4075 in
441 4003 552 4077 literis
577 4014 619 4077 ut
644 4029 723 4101 spes
753 4008 809 4092 sit,
840 4007 898 4080 vel
925 4009 971 4080 ad
1000 4007 1220 4078 limationem
1249 4007 1339 4101 poli-

191 4121 310 4203 ticam
329 4119 386 4192 vel
403 4122 448 4192 ad
465 4144 604 4194 saomm
620 4124 855 4196 ministerium
872 4125 948 4195 fore
964 4123 1221 4196 accommodos.
1256 4123 1337 4196 Hac
1345 4141 1382 4198 ³0

192 4259 254 4330 spe
270 4244 435 4329 parantes
451 4237 598 4323 inducti,
617 4261 677 4311 eos
694 4239 863 4312 libentius
880 4240 978 4312 alent
994 4239 1039 4311 ad
1056 4238 1187 4311 literas.

242 4353 409 4447 Inprimis
425 4377 508 4425 vcro
525 4355 577 4426 ita
598 4355 798 4439 instituent,
816 4365 854 4428 et
877 4355 1081 4428 formabunt
1097 4354 1235 4451 linguas
1251 4377 1338 4451 pue-

191 4491 320 4554 rorum,
350 4477 392 4540 nt
420 4477 552 4563 aperte,
587 4469 692 4558 clare,
721 4471 958 4568 distincteque
991 4473 1236 4567 pronuncient.
1288 4473 1339 4545 Et
