3118 4968
209 212 318 297 1571.]
436 213 725 280 Ooocitutiomccd
739 215 861 278 Corona
873 211 1108 282 &mactat
1283 213 1347 282 119

204 394 326 457 autem
353 387 523 481 injunctae
548 390 766 485 poenitentiae
792 412 859 462 nec
886 389 1115 462 cancellarius
1136 389 1256 472 faciet,
1278 410 1347 458 nec

204 503 477 588 archidiaconus,
488 529 554 577 nec
567 504 734 588 officialis,
744 528 811 575 nec
824 507 1093 578 commissarius.
1119 505 1175 576 Ea
1189 513 1347 599 potestas

204 616 327 688 multis
352 621 518 713 gravibus
541 622 719 693 decausis
741 622 906 715 episcopo
929 621 995 694 soli
1017 621 1262 703 reservabitur,
1283 626 1347 688 aut

204 735 358 826 siquem
380 735 489 806 alium
506 739 690 830 episcopus
707 736 752 808 ad
774 761 857 808 eum
879 760 983 810 usum
1009 737 1152 831 speciali
1177 734 1346 806 mandato

204 851 414 944 designabit.
1354 868 1372 926 5

255 967 523 1039 Ecclesiasticus
549 969 674 1061 judex,
709 972 949 1064 cujuscunque
990 971 1059 1043 loci
1098 978 1161 1042 aut
1203 969 1344 1052 ordinis,

204 1087 382 1156 neminem
394 1087 742 1157 excommunicatum
759 1087 919 1159 absolvet
937 1088 1032 1159 domi
1045 1109 1126 1171 suae,
1140 1095 1203 1158 aut
1214 1085 1345 1179 alioqui

204 1205 240 1273 in
258 1205 403 1297 privatis
421 1204 576 1288 aedibus3
601 1205 663 1274 sed
680 1213 821 1275 tantum
839 1204 993 1299 publice,
1011 1214 1049 1276 et
1065 1228 1129 1297 pro
1145 1202 1324 1275 tribunali.

254 1318 473 1403 Camellani,
501 1301 677 1404 officiales,
704 1322 931 1392 commissarii
957 1343 1100 1392 omnem
1125 1319 1345 1391 adhibebunt

204 1433 436 1528 diligentiam,
466 1444 507 1504 ut
541 1435 658 1504 caeteri
686 1435 897 1527 omnesqui
926 1436 1082 1528 ipsorum
1106 1431 1342 1525 jurisdictioni
1356 1454 1389 1493 ιο

203 1550 447 1642 subjiciuntur,
465 1551 620 1622 officium
642 1551 785 1621 facient.
839 1551 1005 1645 Inprimis
1021 1573 1104 1621 vero
1121 1557 1163 1619 ut
1180 1557 1344 1630 rectores,

204 1666 334 1749 vicarii,
352 1674 390 1736 et
406 1667 558 1737 ministri
576 1665 803 1738 ecclesiarum
821 1669 976 1740 studiose
988 1676 1172 1738 versentur
1188 1665 1225 1735 in
1238 1664 1344 1734 sacris

203 1781 327 1869 literis,
345 1792 382 1853 et
400 1783 467 1854 sibi
489 1783 596 1854 libros
614 1784 726 1855 ordini
744 1792 782 1854 et
798 1785 1005 1878 professioni
1022 1805 1093 1854 suae
1109 1788 1344 1875 congruentes

203 1909 420 1994 comparent,
454 1911 496 1972 ut
529 1903 730 1995 quicunque
763 1901 809 1971 ad
841 1900 1084 1995 magisterium
1113 1899 1243 1968 artium
1272 1919 1345 1966 non

202 2019 399 2101 accesserit,
417 2026 513 2089 emat
531 2019 597 2090 sibi
615 2020 703 2090 duos
720 2017 828 2089 libros
842 2017 939 2088 Novi
949 2014 1179 2096 Testamenti,
1191 2012 1343 2084 alterum
1355 2036 1387 2093 15

205 2131 334 2204 Latine
359 2135 579 2219 translatum,
605 2136 756 2208 alterum
778 2133 941 2229 Anglice
962 2141 1004 2204 ut
1029 2131 1170 2202 illorum
1195 2131 1344 2222 quisque

203 2251 409 2321 memoriter
426 2251 559 2322 ediscat
580 2274 623 2323 ea
644 2275 754 2346 pensa
776 2252 1037 2345 scripturarum,
1054 2271 1132 2341 quae
1154 2246 1206 2318 illi
1224 2246 1281 2316 vel
1297 2248 1343 2318 ab

202 2365 439 2438 ecclesiastico
457 2367 580 2459 judice
603 2369 787 2451 ordinario,
805 2367 862 2438 vel
885 2366 930 2438 ab
953 2365 1033 2448 alio,
1054 2367 1154 2458 cujus
1177 2363 1284 2434 fidem
1305 2373 1343 2435 et

201 2481 411 2554 industriam
437 2484 621 2577 episcopus
642 2484 773 2580 eligere
798 2483 973 2566 maluerit,
999 2481 1132 2552 fuerint
1156 2482 1341 2574 imposita:

200 2605 243 2667 nt
268 2599 456 2671 observent
480 2602 620 2672 ordines
645 2611 683 2673 et
707 2603 796 2674 ritus
821 2601 1014 2694 descriptos
1044 2601 1081 2671 in
1107 2599 1197 2670 libro
1221 2598 1343 2670 Publi·
1352 2627 1387 2667 20

200 2737 322 2785 carum
337 2739 492 2809 precum,
509 2725 584 2788 tem
602 2719 639 2788 in
660 2716 819 2812 legendis
839 2719 945 2789 sacris
965 2717 1156 2810 scripturis,
1174 2724 1211 2787 et
1230 2717 1343 2811 preci-

201 2832 267 2903 bus
293 2833 459 2917 dicendis,
484 2856 592 2927 quam
617 2835 727 2908 etiam
754 2837 792 2905 in
818 2835 1121 2906 administratione
1147 2856 1344 2906 sacramen·

141 3023 147 3039 ,
200 2957 330 3032 torum,
346 2959 389 3021 ut
413 2972 504 3020 neve
529 2949 717 3022 detrahant
741 2951 884 3043 aliquid,
904 2973 995 3022 neve
1020 2951 1162 3034 addant,
1180 2973 1270 3022 neve
1297 2950 1342 3020 de

200 3067 358 3149 materia,
375 3088 466 3136 neve
483 3065 528 3136 de
545 3067 679 3139 forma:
705 3077 746 3138 ut
768 3069 916 3139 honeste
931 3090 970 3138 se
992 3075 1119 3160 gerant
1135 3075 1173 3136 et
1190 3067 1227 3135 in
1243 3067 1341 3159 gravi

202 3182 344 3264 vestitu,
373 3182 410 3252 in
437 3181 558 3253 libello
585 3185 864 3256 admonitionum
895 3185 1086 3278 proposito,
1113 3185 1274 3255 modeste
1304 3191 1386 3270 et25

201 3299 370 3370 decenter
385 3299 589 3383 ambulent;
616 3311 727 3393 utque
744 3302 772 3372 si
790 3300 959 3372 familiam
976 3301 1141 3384 habeant,
1159 3311 1197 3371 et
1214 3323 1342 3371 uxores

200 3439 273 3486 non
289 3417 454 3500 habeant,
471 3417 657 3488 mulierem
678 3416 783 3488 aliam
801 3420 897 3491 domi
921 3440 992 3490 suae
1008 3442 1054 3490 ne
1070 3417 1178 3502 alant,
1195 3417 1262 3488 nisi
1279 3425 1341 3488 aut

200 3542 362 3616 matrem,
380 3541 443 3603 aut
468 3555 634 3617 sororem,
656 3541 718 3605 aut
743 3544 888 3630 neptem
910 3559 956 3607 ex
981 3535 1090 3607 fratre
1115 3544 1178 3606 aut
1203 3555 1342 3618 sorore3

200 3651 294 3743 quod
312 3652 341 3722 si
359 3651 502 3723 coelibes
519 3652 650 3735 vivant,
668 3661 706 3722 et
723 3675 852 3724 uxores
868 3677 940 3725 non
956 3652 1123 3735 habeant,
1141 3653 1178 3722 in
1195 3650 1343 3722 taberna

200 3778 263 3837 aut
292 3791 451 3861 caupona
485 3769 605 3838 cibum
634 3790 680 3838 ne
709 3769 861 3863 capiant,
889 3771 951 3842 sed
979 3769 1129 3841 honesta
1157 3768 1276 3862 aliqua
1305 3768 1341 3837 in
1349 3798 1386 3855 30

201 3884 307 3954 domo
337 3884 375 3954 in
408 3885 533 3956 eadem
567 3884 741 3977 parochia,
774 3886 837 3957 ubi
871 3889 947 3958 sine
980 3887 1178 3980 suspicione
1207 3886 1342 3979 possint

200 4001 341 4071 vivere:
368 4009 410 4071 ut
426 4023 472 4072 ne
488 4001 615 4072 ludant
631 4003 755 4086 aleam,
773 4026 864 4074 neve
881 4001 1022 4088 chartis,
1039 4012 1102 4075 aut
1118 4001 1196 4074 aliis
1212 4001 1343 4095 impro-

200 4117 293 4188 batis
317 4117 452 4189 lusibus
477 4141 515 4190 sc
538 4128 749 4190 exerceant:
783 4128 826 4190 ut
850 4143 935 4191 arcu
960 4128 1101 4190 tantum
1126 4127 1274 4189 utantur
1302 4127 1340 4188 et

200 4233 349 4329 sagittis,
363 4235 469 4328 idque
483 4237 591 4305 animi
609 4259 725 4321 causa,
738 4245 777 4306 at
793 4236 964 4320 modeste,
981 4245 1019 4306 et
1035 4236 1073 4306 in
1091 4244 1270 4327 tempore;
1295 4257 1342 4304 ne

200 4351 258 4421 vel
275 4352 320 4423 ab
337 4352 452 4423 officio
469 4351 641 4435 faciendo,
655 4351 712 4422 vel
725 4376 747 4424 a
758 4376 934 4426 sacrarum
951 4353 1203 4447 scripturarum
1216 4352 1384 4438 studiis35

200 4467 413 4541 auferantur.
