3140 4972
216 206 324 290 1597.]
454 203 741 272 mutuamus
756 208 877 272 Caram
890 205 1122 273 Ecclesiastical.
1289 207 1353 276 159

212 402 387 452 summam
416 404 480 476 pro
506 381 733 454 admittendis
762 382 807 453 ad
836 405 951 454 sacros
982 383 1121 455 ordines
1149 381 1352 454 hominibus

212 497 371 591 accipere
387 491 520 583 licebit,
536 499 643 592 idque
659 498 725 570 sub
741 521 846 591 poena
855 501 957 591 juris.

393 796 451 870 De
467 796 656 870 cormedus
673 800 910 895 apparitorum
927 799 1170 898 reformandis.

262 969 437 1040 Praeterea
451 971 618 1062 quoniam
635 970 835 1042 excessibus
855 979 892 1042 et
908 970 1177 1065 gravaminibus,
1195 991 1272 1062 qua
1288 992 1353 1062 per

212 1087 427 1179 apparitores
448 1086 567 1156 inferri
591 1087 767 1170 dicuntur,
785 1089 980 1159 remedium
1003 1088 1164 1182 cupimus
1186 1086 1378 1166 adhibere5

212 1211 459 1295 opportunum,
476 1203 618 1273 videtur
633 1211 674 1272 ut
698 1203 936 1296 apparitorum
958 1203 1162 1287 multitudo,
1181 1213 1353 1295 quantum

211 1319 287 1389 fieri
310 1319 451 1411 poterit,
468 1319 719 1414 restringatur3
745 1343 816 1391 non
835 1321 944 1415 igitur
967 1320 1088 1392 licebit
1105 1319 1277 1413 episcopis
1294 1318 1352 1392 vel

211 1433 471 1518 archidiaconis,
501 1458 667 1506 eommve
697 1435 834 1506 vicariis
863 1458 925 1506 seu
956 1435 1171 1518 officialibus,
1204 1435 1352 1527 aliisque

210 1552 431 1624 inferioribus
458 1551 639 1624 ordinariis
661 1554 831 1646 deputare
857 1561 895 1622 et
918 1553 1048 1623 habere
1073 1552 1190 1646 plures
1216 1552 1370 1646 appari-⁴

211 1677 315 1751 tores,
334 1669 638 1761 jurisdictionibus
663 1671 734 1740 suis
761 1669 956 1762 respective
979 1669 1217 1752 inservientes,
1246 1691 1352 1760 quam
1363 1696 1396 1736 10

213 1793 296 1854 ante
317 1784 442 1878 viginti
468 1807 578 1856 annos
599 1786 805 1878 praeteritos,
822 1784 880 1856 vel
903 1785 979 1878 ipsi,
1002 1784 1060 1856 vel
1083 1785 1352 1879 praedecessores

211 1903 265 1972 sui
283 1901 412 1972 habere
430 1911 708 1986 consueverunt3
730 1902 791 1995 qui
808 1924 931 1973 omnes
947 1925 1011 1996 per
1026 1925 1064 1972 se
1080 1923 1183 1972 suum
1200 1901 1353 1972 fideliter

212 2026 433 2109 exequantur
450 2017 614 2102 officium,
631 2041 698 2090 nec
714 2041 778 2112 per
793 2019 940 2090 nuncios
958 2027 1020 2090 aut
1039 2018 1250 2090 substitutos
1267 2041 1353 2111 quo-

211 2158 351 2227 cunque
367 2137 513 2227 quaesito
530 2136 656 2219 colore,
675 2157 739 2206 sua
760 2135 837 2206 vice
859 2135 1107 2206 mandatorum
1125 2135 1352 2206 executiones

211 2250 435 2334 demandent,
464 2259 527 2322 aut
553 2252 771 2344 permittant,
798 2251 865 2321 nisi
895 2274 940 2322 ex
971 2275 1075 2322 causa
1103 2251 1148 2322 ab
1178 2251 1395 2328 ordinari015

210 2365 306 2437 illius
330 2366 399 2438 loci
424 2368 520 2460 prius
545 2367 687 2462 cognita
712 2376 750 2438 et
775 2365 976 2460 approbata
1027 2367 1119 2439 Tum
1145 2375 1187 2437 ut
1212 2388 1351 2459 promo-

211 2490 329 2553 torum
360 2483 475 2566 officii,
504 2482 560 2552 vel
591 2484 882 2554 denuntiatorum
911 2507 1075 2577 personas
1104 2484 1248 2554 omnino
1278 2505 1350 2553 non

212 2599 416 2682 sustineant,
434 2600 539 2671 feoda
554 2599 725 2694 ampliora
740 2597 798 2670 vel
817 2601 958 2692 majora,
975 2623 1082 2692 quam
1100 2621 1177 2691 quae
1192 2599 1248 2670 bis
1267 2623 1350 2671 con-

211 2716 454 2787 stitutionibus
471 2718 630 2811 superius
647 2725 860 2798 statuuntur,
878 2740 949 2787 uon
966 2717 1122 2810 exigant.

261 2831 396 2916 Quodsi
420 2832 537 2924 plures
560 2857 666 2926 quam
687 2834 847 2927 superius
869 2842 924 2904 est
947 2856 1151 2927 expressum
1178 2833 1349 2925 deputati,
1359 2867 1394 2907 πο

210 2949 268 3019 vel
297 2947 438 3019 illorum
468 2948 576 3041 aliqui
610 2949 786 3042 praemissa
818 2949 1036 3034 violaverint,
1066 2951 1286 3042 deputantes,
1321 2948 1350 3018 si

211 3067 364 3160 episcopi
382 3066 547 3148 existant,
564 3064 691 3135 moniti
714 3087 778 3158 per
793 3066 1006 3158 superiorem
1031 3059 1351 3157 supernumerarios

211 3182 413 3254 dimittant:
441 3182 628 3253 Inferiores
654 3205 737 3252 vero
763 3181 936 3275 episcopis
958 3181 1130 3262 ordinarii,
1152 3181 1197 3250 ab
1222 3203 1350 3249 execu-

210 3301 307 3370 tione
341 3299 446 3371 officii
480 3299 747 3391 suspendantur,
778 3299 890 3370 donec
923 3297 1125 3392 hujusmodi
1162 3299 1350 3390 deputatos

210 3415 429 3499 amoverint;
457 3415 617 3509 deputati
647 3423 768 3485 autem
797 3416 863 3508 ipsi
892 3416 938 3485 ab
967 3415 1205 3508 apparitorum
1235 3411 1393 3485 offici0²5

209 3541 418 3602 moveantur
439 3539 620 3625 perpetuo,
644 3540 681 3601 et
704 3533 733 3602 si
756 3531 865 3602 amoti
881 3553 953 3601 non
974 3530 1154 3614 desistant,
1179 3539 1348 3621 tanquam

212 3657 438 3719 contumaces
454 3649 630 3718 canonicis
647 3648 801 3719 censuris
818 3659 1054 3719 coerceantur.

261 3763 437 3834 Praeterea
459 3764 496 3832 in
519 3764 631 3835 causis
654 3764 759 3835 officii
782 3775 820 3834 et
844 3765 1069 3836 correctionis
1091 3787 1136 3834 ne
1160 3787 1238 3857 quae
1263 3763 1350 3833 fiant

211 3882 396 3953 citationes
418 3879 600 3976 generales
624 3880 715 3976 (quae
740 3881 856 3976 vulgo,
887 3891 907 3921 ‘⁴
921 3881 1081 3966 Quorum
1110 3879 1272 3951 nomina'’
1299 3879 1352 3948 di·

211 4003 353 4090 cuntur)
372 3999 437 4070 nisi
460 4008 577 4091 partes
594 3997 745 4070 citandae
763 3999 853 4068 veris
876 3997 1076 4069 nominibus
1093 3996 1264 4090 expressis
1288 4017 1351 4087 per
1358 4017 1394 4073 30

211 4117 449 4209 registrarium
472 4115 509 4183 in
532 4115 607 4208 ipsa
629 4113 797 4186 schedula
823 4115 981 4186 citationi
1004 4137 1152 4200 annexa,
1176 4122 1214 4184 et
1236 4112 1350 4206 sigillo

211 4233 350 4302 munita
365 4231 581 4318 scribantur3
610 4233 804 4322 eademque
822 4229 989 4303 schedula
1000 4232 1060 4323 jus
1078 4231 1226 4302 dicentis
1243 4251 1351 4299 manu

212 4349 458 4430 subscribatur,
482 4335 549 4419 sub
575 4371 679 4441 poena
701 4349 892 4419 coercionis
916 4346 1159 4419 ecclesiasticae
1180 4367 1243 4438 per
1266 4343 1352 4413 diae-

212 4487 378 4537 cesanum
396 4465 615 4556 delinquenti
631 4465 849 4560 infligenda·
