3118 4968
67 163 69 170 ’
181 199 246 264 124
419 200 848 268 nonsummum
861 201 1094 268 mestar.
1281 198 1326 287 [1.

182 376 273 446 dunt
297 375 425 460 edulia,
443 400 489 449 ne
514 401 621 471 quem
643 379 682 449 in
704 401 909 472 cauponam,
930 386 993 449 aut
1017 378 1201 448 tabernam
1225 398 1324 447 suam

180 491 352 585 recipiant
369 502 447 564 toto
464 494 526 565 illo
543 503 714 589 tempore,
732 520 803 589 quo
820 506 883 568 aut
902 495 1092 567 habebitur
1108 495 1241 576 concio,
1262 501 1326 564 aut

180 631 319 680 sacrum
352 611 588 683 ministerium
621 621 820 706 peragetur.
872 611 1008 696 Quodsi
1042 611 1121 704 quis
1150 633 1214 703 per
1244 633 1327 680 con-

68 745 70 752 ⁴
181 733 371 819 temptum,
388 736 427 797 et
452 729 711 799 contumaciam
737 727 994 809 contrafecerit,
1012 735 1051 797 ct
1073 725 1175 796 illum
1198 726 1326 819 ipsum,

181 852 219 913 et
242 866 311 926 cos,
330 868 417 937 quos
440 845 485 915 ed
507 868 545 916 se
567 845 750 939 receperit,
768 844 978 915 nominatim
999 844 1036 914 in
1061 844 1223 936 proxima
1245 843 1352 916 visi-5

180 960 316 1030 tatione
349 960 566 1032 indicabunt.
619 960 658 1034 Si
693 961 770 1054 quis
806 958 863 1032 vel
891 967 1015 1054 aperto
1048 958 1233 1042 adulterio,
1268 958 1325 1030 vel

180 1085 312 1170 stupro,
332 1075 388 1146 vel
405 1077 553 1160 incestu,
567 1077 624 1148 vel
642 1077 824 1159 ebrietate,
838 1075 894 1146 vel
903 1075 1047 1168 jmandi
1060 1075 1325 1158 cousuetudine,

180 1191 237 1262 vel
255 1191 439 1276 lenocinio,
458 1192 515 1263 vel
531 1215 648 1277 usura,
662 1191 720 1262 vel
737 1191 806 1262 alia
822 1191 967 1262 demum
984 1214 1193 1285 quacunque
1210 1193 1326 1285 impu-

180 1311 286 1380 ritate
300 1310 391 1394 vitae‚
405 1319 442 1380 et
455 1310 614 1403 nequitia
626 1311 751 1382 fratres
764 1306 960 1392 offenderit,
973 1308 1053 1379 illos
1066 1307 1186 1379 aeditui
1200 1307 1325 1390 amice,

180 1434 219 1497 et
241 1425 395 1496 fraterne
418 1426 670 1510 admonebunt,
688 1435 730 1496 ut
752 1425 967 1519 resipiscant.
1020 1424 1125 1510 Quod
1148 1424 1215 1495 nisi
1233 1425 1371 1496 fece-10

180 1543 261 1626 rint,
287 1543 495 1613 indicabunt
518 1565 579 1614 eos
604 1544 815 1615 nominatim
841 1542 899 1613 vel
927 1544 1066 1626 rectori,
1097 1541 1155 1614 vel
1184 1543 1325 1626 vicario,

180 1657 236 1728 vel
258 1659 421 1752 parocho,
439 1668 481 1730 ut
503 1659 635 1732 abillis
657 1660 824 1753 asperius,
842 1669 879 1731 et
896 1661 1142 1732 vehementius
1159 1659 1327 1732 admone-

180 1782 304 1860 antur3
331 1783 369 1847 et
394 1777 422 1847 si
444 1778 676 1869 perrexerint,
695 1761 866 1873 tantisper
883 1779 969 1850 dum
994 1779 1142 1850 redeant
1164 1778 1209 1850 ad
1235 1778 1326 1848 sani-

180 1901 305 1977 tatem,
335 1915 357 1963 a
389 1915 486 1964 sacra
515 1895 764 1966 communione
797 1904 993 1966 arceantur.
1045 1893 1169 1987 thue
1203 1917 1326 1966 omnes

180 2010 240 2102 qui
264 2010 535 2094 incontinenter,
554 2018 591 2081 ct
609 2008 689 2080 laxe
710 2011 844 2094 vimmt,
862 2034 926 2104 pro
951 2011 1086 2083 meritis
1109 2011 1180 2082 suis
1205 2010 1325 2105 legum
1338 2036 1370 2094 15

180 2127 370 2197 severitate
400 2127 633 2220 castigantum
669 2127 778 2196 iidem
808 2127 930 2198 aeditui
954 2129 1098 2200 eosdem
1123 2127 1203 2197 illos
1228 2126 1327 2198 adul-

178 2251 283 2327 teros,
319 2243 532 2325 fornicarios,
567 2241 731 2326 incestos,
761 2242 924 2327 ebriosos,
953 2244 1140 2337 juratores,
1170 2242 1325 2325 lenones,

179 2360 353 2432 usurarios
366 2361 403 2432 in
416 2360 658 2454 episcoporum
673 2368 711 2430 et
722 2362 1048 2434 archidiaconorum
1065 2361 1326 2433 visitationibus

178 2478 405 2571 patefacient.
550 2479 555 2493 '

228 2596 367 2667 AEditui
390 2595 560 2677 convivia,
578 2595 763 2688 symposia,
782 2620 910 2683 coenas,
927 2606 965 2669 et
986 2595 1213 2668 invitationes
1237 2594 1371 2687 pub-20

179 2711 264 2784 licas
293 2713 331 2783 in
357 2711 499 2806 templis
524 2710 694 2784 celebrari
720 2736 791 2784 non
816 2716 1017 2808 patientum
1046 2736 1113 2784 nec
1138 2734 1326 2804 campanas

48 2820 51 2830 ’
181 2831 422 2923 superstitiose
435 2829 576 2924 pulsari,
590 2828 648 2900 vel
664 2831 702 2901 in
715 2831 835 2927 vigilia
846 2831 1070 2911 Animarum,
1085 2829 1142 2900 vel
1155 2829 1326 2921 postridie

179 2945 351 3018 Omnium
370 2947 593 3030 Sanctorum,
612 2948 672 3040 qui
689 2948 764 3019 dies
785 2950 924 3022 nonita
946 2948 1084 3042 pridem
1100 2945 1214 3040 geniis
1230 2967 1324 3016 mor-

179 3074 322 3135 tuorum
352 3087 450 3136 sacer
479 3073 565 3150 erat,
596 3086 663 3135 nec
698 3067 841 3136 omnino
870 3087 1038 3159 unquam,
1068 3062 1129 3133 ubi
1164 3061 1325 3156 pulsandi

178 3181 398 3252 consuetudo
423 3182 469 3253 ad
494 3159 784 3275 superstitionem¹
810 3182 988 3254 videbitur
1016 3180 1197 3250 inclinare.
1250 3178 1371 3261 Illis25

177 3305 298 3368 autem
328 3305 471 3370 tantum
504 3297 723 3391 temporibus
758 3297 890 3391 pulsari
923 3298 1145 3391 permittent,
1177 3318 1255 3387 quae
1289 3297 1327 3366 in

178 3414 300 3486 libello
323 3415 605 3487 admonitionum
629 3415 805 3508 descripta
828 3423 922 3500 sunt,
940 3423 977 3485 et
1003 3413 1049 3484 ad
1074 3413 1228 3483 eundem
1250 3420 1328 3483 tan·

178 3548 257 3602 tum
273 3553 388 3614 usum,
406 3533 603 3625 eodemque
620 3539 762 3602 tantum
780 3531 898 3602 modo.

229 3647 430 3732 Nuudinas,
456 3658 494 3721 et
522 3656 700 3728 mercatus
728 3647 890 3741 publicos
919 3647 1108 3730 celebrare,
1139 3657 1177 3718 et
1207 3655 1327 3718 sontes

177 3767 354 3837 sententia
371 3766 502 3859 judicis
531 3768 785 3838 condemnatos
810 3766 890 3836 neci
920 3765 1062 3849 dedere,
1091 3771 1129 3836 et
1155 3762 1326 3856 supplicio
1334 3782 1371 3838 30

177 3883 316 3957 afficere
333 3883 458 3956 diebus
476 3885 664 3956 dominicis
681 3907 752 3955 non
770 3883 903 3955 licebit.

230 3999 317 4072 Non
349 4000 531 4094 patientur
557 4010 600 4072 ut
633 4003 817 4095 quisquam
851 4023 896 4070 ex
932 3998 1217 4070 circumforaneis
1250 3997 1326 4068 istis

178 4117 358 4198 tenuibus,
371 4125 409 4188 et
426 4117 573 4188 sordidis
586 4117 849 4198 mercatoribus,
868 4116 928 4209 qui
949 4114 1112 4198 aniculas,
1130 4124 1168 4186 et
1189 4113 1326 4208 ligulas,

178 4227 217 4304 et
233 4233 434 4329 crepundia,
452 4242 491 4305 et
510 4257 566 4305 res
583 4233 672 4306 viles
688 4243 727 4306 et
748 4234 904 4304 minutae
926 4232 1180 4304 circumferunt
1197 4255 1239 4303 ac
1256 4231 1328 4301 dis-

177 4349 336 4434 trahunt,
361 4374 449 4443 quos
473 4349 646 4443 pedarios,
669 4357 734 4422 aut
757 4347 957 4442 pedularios
982 4348 1173 4442 appellant,
1199 4368 1369 4443 propo-35

177 4473 266 4538 nant
293 4487 430 4540 merces
458 4487 539 4540 suas
568 4465 626 4537 vel
654 4466 693 4536 in
725 4464 947 4550 coemeteriis,
979 4464 1034 4538 vel
1064 4467 1101 4538 in
1130 4465 1325 4562 porticibus
