3140 4972
233 221 297 284 rae
470 220 683 287 ananiam
696 218 762 283 aaa
777 219 894 283 wan
907 215 1139 282 nemeae
1294 211 1370 298 [ιν.

234 403 390 480 utantur,
407 397 475 466 nisi
500 419 671 466 excausa
695 393 919 490 agritudinis,
942 401 1006 466 aut
1027 392 1097 465 alia
1121 390 1282 486 legitima
1305 390 1372 460 im-

233 516 356 609 pediti,
379 515 654 586 concanonicum
680 535 796 600 suum,
813 510 871 582 vel
895 511 1005 584 alium
1026 513 1064 582 in
1090 508 1270 603 theologia
1294 529 1373 578 eru-

234 633 360 714 ditum,
377 632 480 702 acad
497 631 777 702 concionandum
802 630 1014 701 auctoritate
1040 627 1227 699 sufficienti
1248 648 1371 718 appro-

234 749 368 831 batum,
403 770 467 818 sua
500 749 577 818 vice
610 747 837 818 substituant.
905 745 1039 830 Quodsi
1073 743 1133 836 qui
1170 741 1372 835 hujusmodi

234 864 359 934 decani
383 872 447 934 aut
471 863 629 934 canonici
657 863 810 934 officium
838 887 881 934 ca
909 865 946 934 in
975 885 1014 934 re
1042 851 1279 956 neglexerint
1308 870 1398 951 pera

235 981 448 1074 episcopum,
474 980 531 1051 vel
556 1003 626 1064 eos,
652 981 698 1051 ad
724 1001 811 1074 quos
835 981 1034 1073 jurisdictio
1063 977 1231 1072 pertinet,
1255 975 1372 1069 quoad

235 1119 272 1168 se
290 1098 411 1169 debite
428 1099 653 1180 correxerint,
671 1099 940 1192 suspendantur.

234 1387 292 1462 De
320 1386 540 1460 moderandis
566 1388 788 1488 indnlpcntiis
811 1412 882 1485 pro
908 1385 1129 1460 celebratione
1157 1381 1374 1456 matrimonii

440 1503 563 1602 adaque
580 1507 674 1578 trino
690 1504 881 1578 bannorum
898 1503 1170 1577 denunciatione.

286 1671 580 1766 Quandoquidem
606 1674 771 1760 honestae,
796 1675 906 1757 clarae,
931 1697 972 1745 ac
995 1671 1140 1744 illustris
1164 1667 1375 1742 conditionis
1386 1688 1421 1728 10
1554 1671 1555 1730 l

235 1786 405 1871 homines,
415 1790 489 1860 sive
506 1801 656 1885 urgente
666 1791 785 1886 aliqua
796 1791 1016 1874 necessitate,
1028 1791 1101 1862 sive
1114 1787 1191 1859 aliis
1203 1807 1275 1857 non
1291 1805 1376 1855 con-

235 1906 436 1977 temnendis
457 1908 660 1991 rationibus,
677 1910 941 1980 matrimonium
964 1906 1152 1999 aliquando
1175 1903 1374 1975 celebrandi

237 2043 359 2094 causas
384 2023 515 2096 habere
544 2034 703 2119 possunt,
733 2026 904 2097 facultate
931 2027 998 2097 sibi
1027 2025 1073 2096 de
1101 2023 1227 2094 bannis
1254 2021 1376 2091 matri-

236 2137 448 2211 monialibus
472 2149 536 2211 aut
560 2164 632 2213 non
653 2143 806 2227 omnino,
823 2151 886 2214 aut
912 2142 1021 2214 semel
1044 2143 1219 2212 iterumve
1241 2139 1377 2208 denun-

237 2255 369 2326 ciandis
386 2257 534 2341 indulta,
548 2260 624 2330 sine
640 2259 758 2352 aliquo
771 2260 869 2355 gravi
886 2259 1049 2331 scandalo
1066 2279 1128 2329 seu
1141 2255 1354 2327 detrimento
1365 2275 1375 2338 ;
1387 2272 1420 2331 15

237 2372 368 2442 idcirco
384 2373 429 2442 ad
447 2375 612 2446 evitanda
627 2376 840 2471 generaliter
856 2399 933 2469 quae
955 2375 1021 2446 hac
1038 2377 1076 2446 in
1092 2383 1192 2468 parte
1208 2379 1378 2443 notantur

237 2488 472 2573 incommoda,
489 2491 604 2561 visum
627 2499 682 2562 est
705 2494 831 2576 caveri,
848 2515 894 2563 ne
916 2490 998 2562 ullae
1018 2489 1205 2563 facultates
1228 2489 1302 2559 sive
1323 2488 1377 2557 in·

238 2602 428 2698 dulgentia
445 2607 490 2675 de
512 2607 721 2678 celebrando
746 2608 877 2700 absque
899 2608 1024 2679 bannis
1046 2607 1271 2678 matrimonio
1294 2627 1377 2675 con-

237 2720 420 2804 cedantur,
437 2723 504 2793 nisi
524 2724 652 2796 idonea
668 2726 785 2796 cantio
807 2723 902 2816 prius
920 2723 986 2793 snb
1002 2723 1099 2794 hisce
1116 2719 1376 2792 conditionibus

238 2838 399 2921 ineatur;
429 2839 604 2924 nimirum,
631 2842 743 2934 primo
767 2840 861 2932 quod
886 2838 1026 2910 nullum
1051 2847 1176 2932 postea
1201 2837 1377 2908 constabit
1385 2861 1422 2900 20

238 2953 533 3046 impedimentum
550 2964 831 3050 praecontractus,
850 2957 1173 3050 consanguinitatis,
1185 2953 1376 3036 affinitatis,

238 3069 296 3142 vel
313 3070 419 3142 ullius
436 3071 580 3144 alterius
595 3073 764 3167 legitima
782 3097 894 3145 causae
910 3076 1151 3168 cujuscunque
1167 3073 1313 3143 ratione.

290 3188 464 3274 Secundo,
482 3193 576 3284 quod
599 3214 642 3261 eo
662 3202 832 3285 tempore,
850 3214 921 3283 quo
937 3191 1110 3283 ejusmodi
1133 3188 1283 3260 facultas
1303 3188 1377 3258 sire

239 3306 460 3402 indulgentia
476 3309 698 3392 concedetur,
716 3307 814 3380 nulla
831 3307 1076 3390 controversia,
1089 3305 1142 3390 lis,
1156 3328 1218 3377 scu
1235 3303 1378 3398 querela

239 3431 338 3494 mota
358 3433 422 3507 est,
440 3423 497 3495 vel
518 3425 694 3519 dependet
716 3448 833 3496 coram
860 3424 978 3518 aliquo
998 3425 1120 3517 jndice
1139 3421 1421 3504 ecclesiasticam

240 3548 302 3610 aut
319 3540 424 3623 civili,
443 3541 487 3611 de
504 3541 716 3634 ejuscemodi
738 3541 898 3636 legitimo
922 3540 1175 3633 impedimento
1196 3537 1378 3607 matrimo-

240 3658 300 3740 nii,
321 3658 415 3727 inter
436 3657 637 3750 hujusmodi
663 3681 827 3750 personas
849 3656 1089 3740 contrahendi,
1111 3664 1174 3727 aut
1194 3655 1376 3725 contracti.

240 3773 298 3844 Ac
315 3776 430 3858 tertio,
449 3776 543 3866 quod
560 3775 605 3844 ad
626 3775 829 3868 nuptiarum
850 3772 1175 3844 solemnizationem
1191 3793 1263 3842 non
1279 3793 1379 3841 acce-

241 3890 338 3972 dent,
363 3890 429 3962 nisi
452 3913 594 3961 assensu
624 3899 661 3961 et
688 3913 854 3984 expresso
883 3911 1055 3960 consensu
1084 3897 1281 3982 parentum,
1303 3887 1378 3956 sive

240 4015 400 4077 tutorum
425 4009 522 4100 prins
545 4007 758 4101 impetrato;
794 4015 832 4078 et
854 4005 1012 4089 ulterius,
1037 4005 1133 4098 quod
1163 4001 1423 4075 matrimoniis>

241 4124 431 4196 celebratio
458 4121 599 4217 publice
628 4146 671 4194 ac
700 4125 911 4215 tempestive
940 4123 978 4193 in
1004 4122 1094 4194 facie
1123 4120 1279 4193 ecclesiae
1303 4119 1379 4189 fiet.

242 4239 354 4335 Cujus
379 4241 522 4334 quidem
548 4240 720 4311 cautionis
743 4239 894 4310 formula
911 4263 973 4311 seu
990 4237 1172 4332 exemplar
1187 4240 1225 4309 in
1242 4237 1379 4330 scriptis

198 4347 208 4372 ⁸
241 4359 467 4450 concipietur,
481 4381 522 4428 ac
539 4356 729 4448 unicuique
746 4358 909 4450 episcopo
925 4359 963 4429 in
979 4379 1040 4429 sua
1054 4360 1224 4449 cujusque
1237 4354 1379 4426 dioecesi

242 4475 412 4546 imitanda
428 4483 651 4567 proponetur.
