3128 4962
243 236 265 297 a
642 227 774 296 Anca
787 225 982 316 osam
1337 215 1382 308 [1.

244 405 413 491 afflatum,
430 427 513 477 cum
530 427 576 478 ex
592 404 663 476 fide
678 405 703 478 J
704 427 767 478 esu
783 403 935 478 Ouarsa
951 423 1022 476 non
1037 398 1219 494 prodeant,
1235 395 1382 466 minime

247 521 326 600 Deo
355 530 456 617 grata
481 528 575 593 sunt.
627 521 756 616 Neque
780 522 931 617 gratiam
956 517 1014 613 (ut
1038 514 1143 587 multi
1168 513 1311 608 vocant)
1337 511 1383 582 de

248 661 413 734 congruo,
430 644 632 710 merentur:
658 635 738 709 Imo
758 661 840 710 cum
859 660 932 709 non
951 635 1022 707 sint
1038 632 1133 704 facta
1147 638 1191 702 ut
1208 629 1306 702 Deus
1321 626 1385 700 illa

248 753 324 825 fieri
353 752 466 824 voluit
496 761 534 824 et
566 754 741 848 praecepit,
774 753 911 848 peccati
944 751 1117 824 rationem
1149 745 1281 819 habere
1312 767 1383 817 non

249 870 463 941 dubitamus.
1392 891 1409 947 5

537 1073 594 1140 13.
647 1067 762 1164 θρονα
777 1066 1108 1166 Sapercrogotiocia

301 1215 420 1312 Opera
452 1241 529 1312 quae
559 1218 885 1316 supererogationis
917 1215 1106 1313 appellant,
1135 1237 1207 1286 non
1238 1221 1387 1306 possunt

252 1335 328 1406 sine
343 1335 541 1430 arrogantia
553 1343 590 1406 et
606 1337 789 1431 impietate
805 1336 1002 1431 praedicari:
1028 1355 1110 1404 nam
1125 1330 1195 1403 illis
1208 1328 1388 1401 declarant

252 1451 413 1524 homines
437 1475 508 1523 nou
532 1461 673 1527 tanturn
697 1476 736 1525 se
757 1454 836 1526 Deo
858 1453 1004 1524 reddere
1025 1471 1104 1543 quae
1126 1454 1303 1529 tenentur,
1323 1445 1388 1516 sed

254 1568 333 1662 plus
354 1569 393 1640 in
412 1569 488 1663 ejus
508 1571 659 1664 gratiam
684 1571 799 1643 facere
815 1568 923 1663 quim
942 1567 1136 1641 deberent:
1161 1586 1245 1636 cum
1266 1573 1433 1655 opertere

253 1686 415 1758 Christus
431 1685 535 1772 dicat,
553 1687 645 1759 Cum
662 1689 816 1761 feceritis
839 1685 958 1758 omnia
973 1702 1190 1778 quacunque
1211 1685 1389 1774 praecepta

252 1812 335 1875 sunt
350 1803 459 1887 vobis,
477 1803 606 1876 dicite:
633 1803 734 1876 Servi
750 1803 894 1875 inutiles
910 1823 1041 1875 sumus.

379 2061 438 2128 14.
487 2055 596 2131 Nemo
606 2068 738 2154 prater
756 2058 945 2143 Garatom,
963 2067 1012 2131 cot
1027 2057 1102 2130 aaa
1111 2063 1262 2153 peccato.

304 2203 465 2277 Christus
491 2206 529 2276 in
551 2214 678 2278 nostrae
702 2215 836 2278 naturae
860 2209 1019 2292 veritate,
1042 2229 1106 2301 per
1127 2207 1247 2277 omnia
1267 2201 1391 2277 similis

254 2321 369 2392 factus
402 2330 457 2394 est
490 2323 601 2407 nobis,
630 2331 780 2418 excepto
807 2331 965 2417 peccato,
996 2323 1019 2396 i
1047 2347 1117 2418 quo
1145 2343 1286 2417 prorsus
1315 2329 1391 2393 erat
1402 2345 1434 2402 15

254 2438 430 2522 immunis,
448 2446 525 2510 tum
546 2441 584 2511 in
608 2463 711 2514 carne
734 2449 813 2512 tum
832 2442 870 2513 in
893 2441 1027 2536 spiritu.
1078 2440 1193 2514 Venit
1216 2446 1258 2509 ut
1280 2459 1392 2532 agnus

255 2555 387 2648 absque
411 2555 550 2628 macula
572 2568 674 2642 esset,
698 2559 758 2652 qui
781 2560 905 2631 mundi
929 2567 1075 2653 peccata
1097 2580 1160 2651 per
1181 2553 1394 2628 immolatio-

256 2693 340 2741 nem
361 2672 415 2742 sui
436 2673 546 2744 semel
571 2673 701 2746 factam
726 2674 889 2748 tolleret:
924 2684 962 2750 et
986 2682 1172 2770 peccatum
1197 2673 1253 2764 (ut
1277 2671 1394 2764 inquit

257 2786 282 2858 J
283 2790 427 2883 oannes)
444 2789 482 2859 in
499 2812 542 2860 eo
558 2813 631 2861 non
643 2799 728 2862 erat.
780 2791 852 2863 Sed
869 2815 933 2864 nos
944 2791 1070 2884 reliqui
1085 2791 1194 2862 etiam
1210 2786 1394 2882 baptizati,

258 2911 295 2974 et
327 2904 365 2974 in
395 2903 535 2976 Christo
569 2909 775 3001 regenerati,
803 2909 842 2978 in
874 2907 997 2980 multis
1029 2917 1151 2980 tamen
1184 2904 1394 2978 offendimus
1403 2935 1439 2978 ιο

258 3041 390 3104 omnes,
408 3028 446 3092 et
465 3021 495 3093 si
517 3021 709 3096 dixerimus
729 3026 813 3118 quia
833 3033 1019 3120 peccatum
1039 3048 1112 3096 non
1134 3024 1314 3108 habemus,
1330 3043 1395 3094 noa

257 3136 351 3229 ipsos
367 3137 577 3224 seducimus,
595 3148 633 3212 et
649 3141 778 3214 veritas
794 3141 831 3212 in
848 3141 949 3213 nobis
964 3163 1036 3213 non
1053 3148 1117 3213 est.

436 3407 494 3474 15.
545 3401 601 3476 Da
610 3416 750 3501 peccato
768 3416 788 3449 “
801 3407 840 3480 ic
855 3409 1019 3504 spiritum
1035 3407 1221 3481 coactum?

310 3547 396 3620 Non
421 3572 526 3621 omne
550 3561 735 3646 peccatum
760 3556 910 3628 mortale
934 3566 1015 3651 post
1040 3559 1255 3652 baptismum
1272 3554 1398 3626 volun-

261 3665 350 3735 tarie
375 3674 626 3760 perpetratum,
647 3678 702 3742 est
721 3680 907 3765 peccatum
930 3674 967 3744 in
990 3675 1152 3769 spiritum
1174 3680 1336 3746 sanctum
1359 3678 1441 3768 et25
1492 3738 1500 3756 .

260 3781 520 3854 irremissibile:
546 3785 692 3877 proinde
710 3785 814 3883 lapsis
831 3788 854 3861 ϊι
869 3790 1043 3886 baptismo
1067 3791 1105 3862 in
1126 3799 1282 3886 peccata,
1299 3790 1398 3861 locus

261 3897 477 3990 poenitentiae
503 3921 575 3970 nou
599 3910 654 3974 est
676 3905 867 3999 negandus.
918 3904 1005 3979 Post
1027 3917 1214 4002 acceptum
1235 3907 1399 4002 spiritum

262 4022 424 4085 sanctum
446 4037 630 4109 possumus
647 4017 670 4090 i
685 4021 799 4114 gratia
821 4022 904 4094 data
927 4025 1092 4096 recodere
1114 4033 1222 4117 atque
1242 4045 1398 4118 perone,

262 4128 449 4223 denuoque
465 4152 529 4224 per
542 4135 692 4227 gratiam
709 4135 780 4209 Dei
792 4161 973 4236 resurgere
989 4164 1030 4213 ac
1047 4143 1259 4236 resipiscere.
1295 4138 1400 4212 Ideo-

262 4266 332 4337 que
348 4244 400 4316 illi
413 4246 601 4320 damnandi
617 4261 709 4336 sunt,
721 4255 781 4347 qui
798 4279 836 4328 se
849 4259 1018 4351 quamdiu
1034 4258 1092 4330 hic
1103 4260 1232 4343 vivant,
1246 4257 1444 4351 ampliasse

262 4381 335 4431 non
350 4383 452 4454 posse
464 4387 609 4457 peccare
622 4367 808 4456 affirmant,
819 4383 881 4446 aut
894 4397 976 4448 vere
989 4375 1272 4469 resipiscentibus
1288 4374 1400 4470 poeni-

218 4491 225 4506 ·
263 4479 385 4550 tentiae
401 4479 520 4553 locum
539 4483 727 4582 denegant.
