3140 4972
183 241 297 330 1604]
406 241 1102 311 emmerammnoumaesmuac
1260 241 1324 312 197

177 417 376 512 eodemque
391 428 555 514 respectu
576 421 622 493 sd
644 441 779 493 sacram
796 441 943 504 coenam,
960 421 1027 492 nisi
1049 441 1113 514 per
1127 417 1237 491 talem
1259 417 1322 490 sd·

176 533 422 622 ministretnm,
446 545 611 610 recusent
635 539 814 622 accedere,
839 559 882 610 ao
906 537 936 608 si
959 537 1101 609 illonrm
1124 556 1321 608 sacramen·

176 659 296 720 torum
331 652 442 724 virtus
475 662 514 725 et
547 653 735 726 efficacitas
768 677 790 724 a
822 655 974 726 ministri
1009 655 1048 724 in
1080 652 1320 726 concionando

176 765 348 838 facultate
377 771 568 863 penderet;
607 793 688 842 cum
717 781 838 843 temen
867 772 1007 866 integre
1037 778 1115 841 tum
1143 768 1319 862 baptismi,

176 891 257 954 tum
286 907 394 956 sacrae
424 909 532 958 coenae
555 887 724 975 doctrina,
751 911 832 980 quae
862 888 907 959 ad
934 893 1231 959 sacramentorum
1261 905 1345 965 eo-5

176 1000 327 1072 nmdem
356 1003 695 1075 administrationem
727 1005 953 1088 desideratur,
984 1003 1022 1074 in
1050 1003 1141 1074 libro
1170 1001 1320 1096 publice

177 1113 332 1211 liturgiae
348 1125 423 1190 tem
441 1119 556 1212 plene,
575 1127 612 1190 et
629 1120 767 1215 integre
784 1120 831 1192 sit
848 1141 1021 1213 expressa,
1038 1127 1081 1190 ut
1097 1118 1214 1190 eidem
1231 1117 1319 1188 nihil

177 1233 260 1304 eddi
286 1236 406 1327 possit,
434 1238 528 1330 qnod
554 1236 706 1308 solidum
732 1238 839 1309 citet
866 1235 1121 1320 necessarium
1157 1233 1320 1306 omnibus

177 1348 243 1419 tuli
273 1373 388 1422 errore
418 1354 575 1446 deceptis
604 1355 812 1425 mandamus
842 1361 880 1424 et
909 1353 1141 1447 praecipimus,
1170 1360 1213 1421 ut
1241 1373 1321 1444 pro-

178 1473 316 1537 tervam
345 1468 435 1540 benc
461 1471 617 1562 ipsorum
646 1471 876 1562 pertinaciam
902 1471 947 1540 de
972 1477 1102 1540 caetero
1130 1468 1319 1560 deponant,
1330 1489 1364 1528 10

177 1605 220 1653 ac
249 1582 409 1656 eeclesiae
438 1585 611 1656 institutis
639 1583 706 1654 huc
739 1584 776 1653 in
810 1591 911 1677 perte
940 1583 1198 1674 obsequentum
1237 1605 1318 1652 curn

177 1699 293 1790 quoad
311 1699 504 1770 eorundem
525 1708 823 1772 sacramentorum
846 1699 1037 1771 efficaciam
1059 1697 1148 1768 nihil
1170 1697 1319 1782 intersit,

176 1822 299 1884 utrum
328 1839 352 1886 e
378 1816 540 1887 ministro
566 1839 639 1886 non
668 1815 923 1899 concionatore,
951 1838 997 1886 an
1025 1836 1126 1886 secus
1155 1814 1320 1884 adminls·

177 1939 328 2002 crentur.
388 1931 523 2015 Quodsi
558 1933 619 2026 qni
653 1931 819 2024 deinceps
850 1930 917 2002 hac
950 1931 989 2001 in
1023 1952 1062 2000 re
1097 1927 1318 2022 deliquerint,

177 2045 424 2140 psrochiaeque
462 2069 537 2120 suae
573 2046 738 2118 ecclesias
776 2070 819 2118 eo
848 2047 982 2118 intuitu
1016 2043 1242 2126 declinantes,
1283 2043 1363 2131 in15

177 2161 301 2234 alienis
328 2162 384 2233 vel
415 2185 549 2235 sacram
575 2185 711 2236 coenam
741 2163 969 2254 susceperint,
995 2160 1052 2231 rel
1084 2161 1212 2232 liberos
1239 2181 1320 2230 suos

180 2278 352 2371 baptizari
369 2280 529 2367 fecerint,
547 2301 663 2373 neque
681 2280 849 2352 mandato
866 2279 934 2350 hoc
950 2285 1070 2350 nostro
1086 2275 1259 2348 admoniti
1275 2273 1320 2345 ab

177 2416 295 2466 errore
312 2417 375 2466 suo
393 2405 431 2468 et
447 2396 573 2468 illicite
588 2396 656 2467 bec
672 2395 808 2466 ratione
825 2395 1047 2479 destiterint3
1077 2393 1122 2464 ad
1144 2391 1213 2464 loci
1230 2391 1322 2462 ordi-

178 2511 317 2582 narium
349 2533 414 2606 per
445 2514 656 2596 ministrum,
686 2533 897 2595 oeconomos,
929 2519 967 2582 et
1000 2510 1233 2602 inquisitores,
1263 2505 1321 2577 rel

177 2627 381 2699 assistentes
405 2629 580 2722 parochiae
606 2649 680 2700 suae
700 2627 912 2710 deferantur,
933 2625 1064 2698 telibns
1085 2625 1240 2697 censuris
1264 2648 1365 2698 ee-ao

178 2741 383 2816 clesiasticis
417 2767 481 2836 per
513 2766 597 2816 eum
626 2743 831 2838 castigandi,
861 2742 982 2837 quales
1011 2742 1100 2814 adeo
1133 2741 1321 2813 obstinatae

179 2860 386 2953 perrieeciae
408 2861 537 2932 merito
562 2861 757 2932 debentur:
783 2860 910 2943 idest,
936 2860 966 2930 si
991 2867 1218 2930 contumaces
1244 2879 1323 2951 per-

177 2978 383 3063 manserint,
400 2979 514 3071 primo
534 2977 789 3072 suspensionis;
814 2975 954 3048 sinltrc
974 2997 1132 3047 mensem
1156 2975 1322 3066 deinceps

177 3097 445 3189 perseverarint,
462 3092 839 3167 excommunicationis
855 3115 959 3186 poena
971 3100 1208 3162 coerceantur.
1239 3089 1322 3160 Pari

178 3211 315 3283 ratione
340 3212 370 3282 si
394 3211 471 3305 quis
493 3219 618 3294 rector,
639 3210 798 3292 vicerim,
815 3207 872 3279 vel
897 3215 1048 3290 curatus,
1064 3215 1145 3301 post
1169 3229 1365 3300 praesen-25

178 3329 272 3397 tium
309 3349 485 3398 canonum
523 3325 856 3421 promulgationem,
893 3323 1089 3418 quamlibet
1124 3345 1321 3418 personam,

179 3465 261 3536 quae
278 3465 351 3514 non
372 3443 419 3515 sit
435 3444 480 3514 de
503 3465 566 3516 sua
582 3442 733 3515 ecclesia
748 3440 806 3512 rel
829 3441 1004 3534 parochia,
1022 3440 1067 3511 ad
1089 3463 1197 3511 secrae
1214 3463 1323 3511 coenae

178 3561 464 3632 communionem
497 3561 663 3654 recipere,
693 3559 750 3630 vel
780 3581 827 3630 ex
856 3557 982 3630 talium
1013 3557 1133 3629 liberis
1166 3555 1321 3650 aliquem

179 3676 360 3769 baptizare
376 3679 645 3771 presumpserit,
663 3677 806 3748 eosdem
826 3675 893 3747 hee
912 3675 1049 3746 ratione
1065 3677 1103 3745 in
1125 3697 1241 3746 errore
1257 3695 1322 3744 suo

180 3793 401 3876 confirmans,
427 3794 457 3864 is
484 3793 718 3888 suspensionis
744 3813 850 3887 poena
875 3813 918 3862 eo
944 3793 1020 3886 ipso
1047 3790 1255 3862 obstrictum
1284 3811 1366 3870 seso

180 3908 369 4002 intelligat,
386 3932 409 3979 a
424 3931 494 4003 qua
509 3932 732 4002 nequaquam
749 3907 959 3991 absolvetur,
976 3908 1179 4001 priusquam
1201 3915 1323 3978 sancte

179 4025 391 4118 promiserit,
417 4047 456 4097 se
480 4025 547 4098 hac
572 4028 611 4097 in
634 4033 735 4119 purte
760 4024 806 4095 de
831 4033 961 4096 caetero
986 4023 1188 4095 nullatenus
1214 4021 1324 4093 offen·

181 4163 313 4213 surum.

186 4341 332 4415 LVIII.
370 4341 552 4417 Ministris
574 4367 675 4416 sacro
691 4340 931 4442 peropectibus
954 4341 1268 4440 superpelliciorum
1291 4351 1324 4416 et

509 4461 702 4557 epomidem
719 4485 802 4532 usur
819 4459 1000 4553 injunctus.
1330 4469 1365 4527 3⁵

234 4605 481 4681 Ministrorum
500 4609 661 4703 quilibet,
678 4611 764 4681 dum
785 4609 843 4680 vel
863 4607 1022 4704 publicas
1043 4631 1165 4704 preces
1186 4611 1325 4693 recitat,
