3118 4968
215 239 322 324 1571.]
455 239 1126 330 emmerammenses
1294 238 1359 305 raa

263 412 399 485 AEditui
422 415 598 487 curabunt
620 423 662 486 ut
684 414 842 486 eeclesia
867 414 1023 508 plumbo,
1050 415 1180 512 tegula,
1197 416 1357 500 materia,

213 529 305 602 vitro
327 531 516 626 diligenter
538 539 576 604 et
597 531 709 626 probe
732 531 944 616 reficiantur,
961 557 1008 605 ne
1030 532 1086 604 vel
1108 533 1278 615 minister,
1300 531 1357 603 vel

212 645 373 739 populus,
390 657 452 718 aut
469 650 507 719 in
523 673 621 720 sacro
636 649 832 719 ministerio
849 658 887 720 et
899 650 1000 722 cultu
1018 649 1097 734 Dei,
1111 658 1174 721 aut
1190 650 1227 718 in
1241 647 1358 720 caeles·

212 763 305 832 tium
321 765 569 856 mysteriorum
582 766 804 850 tractatione,
818 774 881 836 aut
898 768 935 838 in
951 765 1115 839 habenda
1127 773 1165 837 et
1181 763 1358 836 audienda

213 880 471 963 communione,
506 881 581 951 caeli
615 883 750 976 injuriis
784 883 973 974 quatiatur.
1036 881 1201 976 Inprimis
1235 887 1383 952 autema

213 1016 356 1087 operam
382 996 527 1078 dabunt,
553 997 656 1068 utin
683 999 779 1068 omni
809 998 1048 1071 eeclesiastico
1079 1005 1258 1069 conventu
1285 1019 1357 1090 pax

213 1113 476 1204 quammaxime
503 1124 750 1199 conservatum
788 1124 826 1186 et
855 1117 893 1186 in
920 1116 1083 1187 omnibus
1113 1115 1357 1210 episcoporum

213 1237 321 1320 atque
354 1229 677 1301 archidiaconorum
706 1232 966 1304 visitationibus
995 1231 1147 1304 fideliter
1175 1236 1214 1301 et
1242 1229 1358 1299 nomi·

213 1345 326 1415 natim
348 1346 528 1441 detegent,
546 1356 654 1440 atque
676 1349 883 1421 indicabunt
907 1372 967 1421 eos
990 1371 1123 1432 omnes,
1141 1347 1203 1441 qui
1226 1346 1357 1418 sesain

214 1460 375 1532 ecclesia‘
396 1463 607 1535 immodeste
638 1465 822 1559 gesserint,
856 1467 987 1559 quique
1016 1463 1073 1535 vel
1107 1463 1358 1557 intempestiva
1368 1484 1402 1523 10

213 1575 413 1671 pulsatione
429 1602 688 1674 campanarum,
706 1581 763 1654 vel
780 1583 1089 1667 ambulationibus,
1108 1579 1163 1652 vel
1180 1578 1357 1673 colloquio

214 1701 252 1764 et
268 1696 419 1788 strepitu
435 1697 635 1767 ministrum
652 1708 715 1768 ant
731 1699 1014 1771 concionatorem
1031 1696 1289 1792 impediverint.

263 1809 401 1882 AEditui
418 1813 593 1884 curabunt
609 1823 651 1885 ut
672 1815 763 1885 aedes
786 1839 901 1900 saera,
918 1817 1051 1887 munde
1073 1820 1112 1885 et
1133 1821 1254 1885 sancte
1275 1833 1358 1882 con·

214 1937 409 2012 serventur,
426 1953 472 2001 ne
495 1931 660 2025 cuiquam
677 1930 735 2002 vel
757 1930 913 2025 pulvere,
931 1930 988 2002 vel
1010 1929 1189 2013 ramentis,
1209 1927 1264 1998 vel
1286 1950 1359 1999 sor-

215 2045 317 2117 dibus
334 2056 501 2118 moveant
517 2071 697 2120 nauseam.
740 2048 926 2121 Gnrabunt
942 2049 1050 2120 etiam
1067 2055 1109 2117 ut
1126 2068 1224 2116 sacra
1240 2044 1402 2118 Biblia15

214 2164 285 2233 sint
309 2164 346 2234 in
369 2163 515 2258 singulis
532 2164 689 2236 eeclesiis
711 2166 748 2236 in
771 2147 987 2259 amplissimo
1004 2163 1183 2234 volumine
1201 2161 1246 2252 (si
1263 2183 1360 2232 oom-

213 2280 320 2350 mode
337 2280 412 2351 lieri
428 2280 554 2375 possit)
572 2281 690 2374 qualia
706 2305 800 2352 nuno
817 2303 930 2376 nuper
948 2279 1099 2352 Londini
1117 2301 1249 2350 excusa
1265 2286 1358 2361 sunt,

214 2405 256 2467 ut
284 2395 375 2468 liber
403 2397 624 2490 publicarum
656 2423 812 2494 precum,
842 2408 885 2470 ut
918 2421 1023 2470 sacrae
1056 2396 1220 2480 homiliae,
1250 2405 1358 2489 atque

213 2513 378 2597 homiliae,
396 2539 473 2608 quae
489 2539 603 2609 nuper
622 2518 758 2611 scriptae
782 2524 865 2588 sunt
881 2523 1005 2588 contra
1026 2513 1269 2601 rebellionem,
1286 2513 1358 2584 sint

214 2630 252 2701 in
281 2631 427 2725 singulis
454 2633 620 2705 eeclesiis.
672 2633 751 2706 Hos
780 2633 888 2706 libros
912 2632 1176 2727 quammaxime
1200 2633 1401 2724 integros²³

214 2758 253 2820 et
283 2750 434 2820 mundos
464 2773 540 2822 esse
564 2753 753 2836 convenit3
792 2750 925 2824 laceros
954 2761 1075 2824 autem
1108 2759 1171 2821 aut
1200 2749 1358 2821 sordidos

214 2865 313 2937 nullo
330 2867 447 2951 modo,
465 2891 511 2938 ne
528 2869 658 2962 populo
675 2869 866 2954 fastidium,
884 2879 922 2942 et
939 2877 1185 2963 contemptum
1208 2867 1356 2962 pariant.

215 2981 401 3054 Curabunt
423 3007 582 3056 mensam
606 3009 652 3057 ex
675 2987 848 3060 asseribus
871 2988 1066 3082 composite
1085 2987 1260 3080 junctam,
1280 3007 1358 3077 quae

215 3101 510 3173 administrationi
539 3111 770 3175 sacrosanctae
800 3103 1058 3175 communionis
1087 3101 1277 3186 inserviat;
1319 3109 1359 3172 et

214 3217 388 3288 mundum
405 3227 574 3311 tapetem,
592 3220 652 3311 qui
669 3219 767 3289 illam
783 3228 970 3314 contegat3
988 3228 1026 3290 et
1043 3226 1250 3313 suggestum
1262 3231 1400 3289 eom-²5

214 3335 372 3418 modum,
406 3335 502 3406 unde
535 3334 687 3406 caelestis
720 3335 879 3406 doctrina
912 3334 1122 3429 publicetur.
1174 3333 1359 3406 Gurabunt

215 3451 359 3544 insuper
386 3457 429 3521 ut
458 3451 576 3522 omnia
604 3451 667 3523 illa
695 3451 829 3534 solaria,
859 3451 897 3521 in
926 3452 1053 3544 quibus
1082 3472 1204 3522 cruces
1232 3449 1358 3546 ligneae

162 3635 166 3650 ,
216 3567 404 3660 aliquando
421 3569 637 3663 prostabant,
654 3577 692 3639 et
714 3565 791 3640 aliae
813 3567 968 3662 reliquiae
987 3567 1244 3663 superstitionis
1261 3589 1359 3660 pror-

215 3705 312 3755 susc
335 3687 454 3756 medio
477 3686 700 3769 auferantur;
724 3693 837 3778 utque
858 3684 1074 3778 templorum
1095 3685 1248 3779 parietes
1266 3706 1359 3755 nova

216 3801 335 3872 fidelia
359 3802 580 3886 inducantur,
598 3810 637 3873 et
662 3801 861 3874 lectissimis
883 3813 1082 3874 sanctamm
1107 3803 1402 3896 seripturarums0

217 3919 402 3989 sententiis
429 3918 670 4003 illustrentur3
695 3928 737 3988 ut
764 3918 903 3990 illarum
931 3918 1084 3990 lectione
1111 3924 1149 3989 et
1174 3918 1358 3990 admonitu

216 4035 367 4129 populus
383 4035 494 4128 possit
514 4037 559 4106 ad
582 4039 753 4130 pietatem
775 4039 999 4109 commoveri.
1051 4035 1236 4108 Postremo
1259 4058 1359 4106 cura-

216 4151 307 4222 bunt
324 4161 366 4224 ut
388 4153 426 4222 in
447 4152 594 4248 singulis
611 4153 767 4225 eeclesiis
792 4155 839 4226 sit
863 4177 961 4226 sacer
982 4155 1069 4238 fons,
1087 4176 1158 4224 non
1181 4151 1303 4246 pelvis,
1320 4153 1357 4224 in

216 4291 287 4360 quo
312 4269 508 4363 baptismus
532 4270 761 4353 ministretur,
786 4271 885 4364 isque
907 4278 949 4340 ut
971 4270 1139 4341 decenter
1162 4278 1201 4340 et
1224 4269 1357 4340 munde

217 4385 455 4458 conservetur.
1365 4406 1400 4464 35

266 4499 525 4576 Admonebunt
547 4503 656 4576 etiam
678 4525 865 4599 caupones,
882 4510 920 4576 et
942 4502 1168 4589 tabernados,
1188 4504 1250 4596 qui
1272 4525 1357 4576 ven-
