3140 4972
192 209 300 294 1604]
415 201 855 270 mammaeam
870 195 1113 264 mammas
1269 196 1334 262 aaa

194 481 335 556 CXXI.
373 479 428 554 Nc
453 481 531 578 quia
556 479 595 550 ia
613 474 772 573 pluribus
795 473 903 546 orote
926 496 1029 570 super
1051 471 1164 544 eodem
1188 469 1334 542 mimice

156 619 164 630 ·
581 601 721 692 copulor
735 587 948 685 respondere.

245 745 290 816 In
311 744 469 839 partibus
491 744 544 826 iis,
561 740 623 814 ubi
646 742 829 835 episcopus
850 748 889 810 et
911 739 1174 811 archidiaconus
1194 739 1268 810 sive
1288 759 1335 808 ex

195 862 463 957 praescriptione,
489 859 563 930 sive
588 881 635 929 ex
659 855 914 949 compositione
937 856 982 926 ad
1008 855 1145 927 diversa
1168 855 1272 926 unius
1298 862 1335 926 et

195 979 354 1074 ejusdem
388 978 470 1048 anni
503 986 664 1068 tempora
696 972 915 1044 visitationes
948 995 1028 1044 suas
1062 972 1159 1043 obire
1190 993 1360 1052 consue-5

197 1103 334 1178 verunt,
358 1117 404 1165 ne
420 1093 616 1187 majestatis
639 1113 710 1161 suae
727 1087 858 1161 subditi
874 1090 912 1158 in
928 1087 1086 1181 pluribus
1105 1089 1209 1159 curiis
1225 1088 1338 1160 eccle-

197 1212 344 1284 siasticis
374 1233 477 1304 super
506 1231 578 1280 uno
611 1215 649 1279 et
682 1207 808 1278 eodem
841 1205 996 1287 crimine,
1029 1227 1101 1275 non
1134 1204 1209 1275 sine
1237 1203 1336 1298 gravi

196 1331 352 1423 ipsorum
367 1327 540 1410 molestia,
556 1323 791 1419 postulentur,
808 1322 995 1410 statuimus
1012 1327 1050 1391 et
1067 1319 1277 1404 ordinamus,
1295 1327 1337 1390 ut

197 1445 348 1538 quilibet
364 1443 637 1524 archidiaconus,
654 1439 711 1510 vel
734 1439 810 1530 ejus
826 1435 983 1508 officialis
1005 1435 1096 1507 infra
1112 1459 1223 1508 unum
1239 1459 1339 1507 men-

197 1583 282 1644 sem,
311 1568 392 1654 post
419 1567 598 1653 peractam
623 1579 666 1627 eo
692 1577 784 1626 anno
813 1553 1059 1636 visitationem,
1086 1561 1124 1624 et
1153 1561 1382 1648 praesenta-10

197 1678 313 1748 tiones
335 1683 508 1768 acceptas,
525 1674 728 1766 episcopum
746 1669 803 1740 vel
825 1671 901 1762 ejus
918 1669 1163 1740 cancellarium
1187 1669 1253 1740 sub
1277 1692 1340 1740 sua
1405 1749 1410 1768 ι

197 1815 306 1864 manu
335 1799 374 1863 et
402 1790 518 1886 sigillo
547 1791 699 1860 instruat
727 1809 769 1858 ac
798 1787 965 1857 informet
995 1785 1039 1856 de
1070 1786 1272 1856 nominibus
1302 1793 1340 1856 et

198 1908 338 1980 delictis
367 1929 489 1977 comm
519 1905 689 1987 omnium,
720 1904 781 1997 qui
813 1905 851 1973 in
880 1903 1081 1974 visitatione
1113 1926 1177 1974 sua
1208 1903 1340 1974 fuerInt

200 2024 333 2095 detecti
350 2030 388 2093 et
404 2021 616 2115 presentati,
634 2042 704 2112 quo
720 2019 750 2090 is
773 2041 878 2112 super
893 2018 967 2089 ulla
983 2041 1097 2102 causa,
1115 2025 1178 2089 aut
1194 2018 1340 2090 crimine

198 2139 243 2210 ad
269 2137 553 2210 archidiaconum
577 2138 673 2230 prius
698 2135 826 2220 delata,
852 2135 1006 2229 aliquem
1031 2137 1218 2207 convenire
1243 2135 1341 2206 dein·
1351 2167 1382 2224 15

198 2277 282 2347 ceps
299 2255 484 2325 abstineat.
536 2252 617 2324 Pari
634 2254 768 2323 ratione
791 2252 1020 2336 deceruimus,
1040 2261 1081 2324 ut
1105 2250 1340 2338 cancellarius,

199 2373 291 2443 infra
311 2372 407 2442 idem
429 2378 570 2464 tempus
594 2377 676 2464 post
697 2370 834 2441 finitam
861 2370 1014 2464 episcopi
1038 2371 1285 2454 visitationem,
1304 2378 1341 2442 et

200 2490 418 2562 detectiones
443 2496 613 2582 receptas,
638 2509 761 2558 eorum
785 2487 940 2558 sontium
968 2487 1112 2557 nomina
1136 2495 1173 2558 et
1199 2485 1337 2571 delicte,

201 2631 289 2700 quos
313 2608 351 2676 in
376 2607 537 2701 proxima
560 2605 669 2699 ipsius
691 2605 892 2676 visitatione
915 2605 1116 2697 praesentari
1143 2604 1340 2698 contigerit,

201 2747 264 2795 sua
288 2722 543 2816 subscriptione
567 2728 606 2791 et
631 2719 745 2815 sigillo
768 2719 957 2804 verificata,
979 2721 1024 2792 ad
1047 2719 1341 2810 archidiaconum,
1350 2757 1385 2798 ιο

200 2840 258 2911 vel
291 2839 367 2932 ejus
405 2837 601 2922 officialem,
639 2837 677 2908 iu
714 2836 920 2929 pradictum
958 2835 1077 2921 finem,
1110 2840 1340 2911 munemittat.

202 2957 336 3043 Quodsi
354 2955 440 3026 dicti
458 2954 615 3027 officiarii
632 2950 686 3024 vel
706 2953 905 3036 seinvicem,
925 2952 1019 3024 siout
1035 2954 1227 3046 praefertur,
1242 2956 1343 3026 insti-

203 3083 304 3144 tuam
326 3095 367 3144 ac
391 3072 579 3143 informare
605 3069 797 3153 omiserint,
822 3067 880 3139 vel
908 3077 988 3162 pest
1012 3069 1143 3141 lacum
1170 3072 1342 3164 ejusmodi

202 3190 499 3272 informationem,
521 3209 685 3282 personas
709 3194 772 3257 aut
798 3185 919 3279 culpas
942 3188 980 3257 in
1005 3186 1120 3259 aliena
1140 3189 1342 3261 visitatione

205 3308 364 3378 detectas
388 3313 427 3376 et
450 3311 689 3400 praesentatae,
715 3303 907 3397 attigerint,
932 3312 1019 3376 tuno
1043 3328 1166 3379 eorum
1192 3307 1341 3400 quilibet
1350 3333 1383 3390 25

205 3424 256 3495 sio
281 3421 488 3516 delinquens
513 3420 558 3492 ab
583 3419 679 3490 omni
702 3417 955 3512 jurisdictionis
982 3445 1053 3493 sure
1081 3423 1250 3494 exercitio
1278 3447 1343 3518 per

205 3541 409 3634 episcopum
434 3538 671 3609 dioecesanum
696 3543 843 3607 eatenus
872 3538 1114 3631 suspendetur,
1139 3541 1250 3612 donec
1280 3565 1343 3612 ex-

206 3677 332 3751 pensas
366 3677 488 3726 omnes
525 3675 588 3746 per
619 3649 710 3723 hano
742 3650 940 3726 molestiam
972 3665 1151 3749 susceptas
1187 3679 1343 3751 persona

206 3781 359 3869 gravatae
375 3772 580 3843 restituerit.

207 3971 369 4044 CXXII.
406 3969 595 4045 Sententiae
609 3995 679 4070 pcc
695 3969 867 4044 mannis
883 3995 906 4043 c
921 3971 1079 4068 dcmfict'o
1098 3971 1152 4046 uel
1165 3973 1274 4068 fficio
1289 3998 1387 4056 raso

303 4087 487 4173 movendis,
503 4112 573 4160 aaa
589 4091 662 4162 aiei
670 4113 739 4185 per
754 4089 946 4185 episcopum
959 4087 1244 4184 pronuncianda.

259 4237 549 4331 Qotiescunque
570 4240 608 4310 in
632 4242 729 4312 curia
751 4239 869 4332 aliqua
890 4238 1135 4323 ecclesiastica,
1155 4241 1199 4310 ad
1223 4261 1345 4333 quem-

207 4353 296 4425 libet
312 4353 418 4447 hujus
439 4355 626 4448 provincia
649 4358 851 4450 episcopum
868 4364 1061 4449 spectante,
1082 4365 1204 4427 contra
1224 4353 1345 4426 minis-

207 4479 306 4542 trum
337 4472 514 4544 affluentia
548 4473 762 4556 instituetur,
801 4469 1038 4555 cancellarius,
1076 4471 1343 4554 commissarius,
