3140 4972
235 183 301 248 aaa
457 176 676 244 omnam
690 176 759 242 aaa
775 177 897 242 mm
912 175 1154 243 masmar.
1324 173 1375 259 [v.

234 355 402 426 bimestre
427 354 473 426 ad
498 355 690 426 terminum
716 352 843 448 viginti
867 359 906 424 et
930 360 1013 423 octo
1037 351 1175 422 dierum
1199 370 1263 443 per
1287 369 1378 441 prae-

235 478 353 543 sentes
393 469 645 552 contrahimus,
683 476 721 540 et
760 467 1017 540 abbreviamus.
1069 467 1180 561 Cujus
1219 473 1378 537 contrac-

235 587 341 659 tionis
367 588 500 659 intuitu
528 586 716 658 statuimus
744 592 783 655 et
813 586 1025 666 ordinamus,
1052 592 1095 654 ut
1121 580 1219 652 nulla
1245 578 1378 674 duplex

235 704 378 797 querela
394 728 440 777 ex
458 706 556 777 curia
570 703 645 775 ulia
666 701 918 797 archiepiscopi
935 702 981 774 ad
1003 700 1209 772 instantiam
1226 696 1378 768 ministri

235 822 474 914 cujuscunque
497 821 720 903 concedatur,
738 819 805 889 nisi
830 818 927 912 prius
947 815 1176 910 jurejurando
1199 814 1307 884 fidem
1327 811 1402 883 fre-5

236 940 335 1023 cerit,
359 940 455 1032 quod
479 939 646 1034 praefatus
667 937 841 1008 temrinus
863 934 989 1030 viginti
1010 941 1047 1004 et
1070 939 1151 1004 octo
1173 931 1310 1001 diemm
1333 929 1378 998 ad

235 1055 351 1126 minue
369 1054 556 1141 effluxerit,
574 1077 621 1126 ex
638 1077 708 1148 quo
725 1052 858 1124 dictam
875 1051 1054 1144 suiipsius
1071 1048 1379 1143 praesentationem

237 1172 401 1264 episcopo
427 1171 640 1256 exhibuerit,
657 1179 695 1242 et
720 1168 904 1262 episcopus
927 1189 964 1238 se
988 1167 1108 1237 taliter
1128 1171 1379 1258 praesentatum

236 1287 422 1359 instituere
451 1288 673 1373 recusaverit,
706 1286 764 1358 vel
796 1285 863 1357 nisi
893 1284 1094 1356 cautionem
1126 1279 1378 1374 fidejussoriam

237 1402 470 1475 sufficientem
503 1403 762 1498 interposuerit,
796 1423 834 1474 se
867 1402 1095 1472 assertionem
1128 1396 1226 1469 iliam
1258 1419 1379 1468 veram
1388 1424 1423 1464 10

236 1541 312 1590 esse
325 1518 743 1614 legitimeprobatumm3
756 1519 822 1590 sub
835 1541 939 1612 poena
951 1517 1188 1612 suspensionis
1201 1515 1380 1586 semestris

235 1636 281 1706 ab
307 1634 413 1707 officii
436 1637 490 1707 sui
515 1637 684 1707 exercitio
710 1634 856 1729 singulis
881 1632 990 1705 talem
1013 1633 1189 1704 actionem
1215 1631 1290 1702 sive
1315 1630 1380 1700 du·

235 1750 363 1844 plicem
382 1751 562 1844 querelam
578 1751 863 1835 concedentibus,
880 1773 944 1844 por
959 1749 1259 1842 archiepiscopum
1272 1747 1379 1818 toties

237 1869 376 1961 quoties
398 1869 652 1953 denunciando,
669 1890 711 1938 ac
735 1867 843 1938 etiam
865 1865 1039 1937 nullitatis
1062 1865 1107 1937 ad
1125 1887 1269 1936 omnem
1289 1864 1379 1957 juris

242 1983 410 2055 effectum
440 1985 609 2079 cujusque
639 1984 787 2077 duplicis
816 1982 967 2076 querelae
996 1983 1045 2054 sic
1074 1983 1232 2054 indebite
1256 2005 1423 2074 procu-15

238 2109 335 2172 rata.
387 2101 532 2174 Proviso
566 2125 713 2195 semper,
747 2103 842 2195 quod
875 2101 966 2171 inha
998 2101 1205 2194 praedictum
1238 2107 1380 2192 tempus

238 2219 364 2312 viginti
387 2226 426 2290 et
451 2225 532 2290 octo
557 2219 695 2289 diemm
720 2218 902 2312 episcopus
925 2216 1035 2287 alium
1058 2211 1259 2287 nullatenus
1281 2216 1381 2286 insti-

238 2343 328 2419 tuet,
357 2334 396 2404 in
428 2334 668 2428 praejudicium
697 2334 807 2427 partis
836 2335 887 2405 ita
920 2340 1145 2427 praesentatae,
1175 2332 1282 2424 idque
1315 2332 1380 2404 sub

239 2473 344 2544 poena
359 2449 542 2523 nullitatis.

242 2648 383 2722 XCVI.
421 2646 649 2722 Intibitioaea
674 2651 712 2720 ia
738 2649 851 2721 camis
876 2651 1053 2722 iactantiae
1077 2647 1200 2746 absque
1226 2649 1426 2722 advocatiae

521 2765 768 2863 ademptione
784 2791 853 2839 noa
869 2766 1100 2840 concedenda.

293 2913 347 2988 Ut
376 2917 619 3010 episcopomm
645 2918 909 3010 jurisdictiones
941 2916 1057 2989 iliaesae
1086 2919 1274 3010 (quantum
1306 2918 1383 2989 fieri

242 3036 376 3128 potest)
406 3041 667 3119 conserventur,
694 3058 735 3106 ac
759 3043 802 3106 ut
826 3035 931 3127 hujus
956 3035 1056 3128 regni
1081 3035 1230 3106 subditis
1256 3034 1383 3106 melius

243 3149 455 3234 consulatur,
473 3173 519 3221 ne
541 3150 674 3222 frivolis
696 3160 759 3224 aut
781 3153 921 3248 injustis
943 3151 1066 3223 litibus
1089 3153 1134 3222 do
1157 3162 1283 3223 caetero
1303 3153 1384 3224 iati-

243 3271 382 3357 gentur,
406 3265 605 3336 ordinatum
631 3274 669 3336 et
693 3267 872 3358 provisum
894 3275 958 3350 est,
976 3267 1070 3358 quod
1096 3265 1194 3337 nulla
1218 3266 1383 3360 deinceps
1391 3293 1426 3352 25

244 3378 418 3463 inhibitio,
439 3403 484 3450 ox
506 3404 716 3474 quacunque
735 3385 832 3454 curia
851 3384 1101 3477 archiepiscopi
1122 3382 1384 3454 cantuariensis

244 3495 289 3567 ad
312 3495 517 3567 instantiam
542 3498 651 3592 partis
676 3499 864 3584 emanabit,
891 3501 966 3571 sine
994 3500 1248 3593 subscriptione
1277 3501 1385 3570 advo-

244 3611 315 3682 cati
340 3612 473 3683 ibidem
498 3615 705 3698 exercentis,
733 3614 769 3684 id
798 3616 891 3707 quod
918 3617 1027 3710 gratis
1052 3625 1090 3688 et
1118 3617 1250 3708 absque
1279 3617 1383 3688 feodo

245 3738 308 3800 aut
325 3729 448 3800 salario
466 3731 511 3802 ab
528 3731 654 3804 eodem
671 3732 753 3816 fiet;
779 3733 846 3803 nisi
863 3733 954 3804 forte
972 3734 1011 3817 is,
1028 3734 1090 3827 qui
1106 3755 1247 3804 causam
1264 3755 1385 3805 conse·

244 3852 348 3916 cutus
367 3845 483 3930 fuerit,
501 3869 564 3940 pro
581 3848 690 3941 ipsius
713 3849 750 3918 in
767 3848 892 3920 eadem
909 3850 1054 3920 consilio
1077 3850 1219 3942 aliquod
1239 3850 1272 3921 ei
1290 3848 1428 3944 ultro30

244 3964 451 4057 erogaverit.
503 3961 585 4034 Pari
607 3965 743 4035 ratione
764 3965 946 4037 decretum
970 3967 1089 4050 sitne
1111 3967 1156 4038 ad
1181 3968 1385 4038 instantiam

244 4079 392 4173 alicujus
408 4081 517 4174 partis
533 4080 607 4154 ulla
623 4091 765 4154 emanet
787 4082 951 4154 inhibitio
973 4084 1018 4154 ab
1036 4085 1209 4178 episcopo,
1227 4091 1290 4154 aut
1310 4083 1386 4175 ejus

245 4197 453 4269 cancellario
475 4208 598 4270 contra
620 4199 914 4285 archidiaconum,
932 4200 990 4272 vel
1015 4200 1175 4293 quemvis
1197 4198 1307 4271 alium
1329 4221 1386 4269 ec-

246 4313 441 4386 clesiastica
448 4315 696 4408 jurisdictione
712 4325 887 4403 utentem,
903 4319 1036 4411 absque
1052 4318 1215 4390 advocati
1227 4320 1283 4409 (ut
1299 4337 1386 4408 prm-

247 4430 369 4519 fertur)
398 4430 663 4525 subscriptione.
715 4431 850 4517 Quodsi
876 4435 1021 4508 forsitan
1045 4434 1083 4506 in
1113 4435 1211 4506 curia
1238 4433 1429 4526 alicujus35
