3140 4972
233 203 298 270 rto
454 201 671 266 amtorem
686 201 754 265 ane
770 203 892 265 cattam
906 201 1149 266 monetote.
1319 197 1373 284 [u.

236 477 307 548 XI.
340 475 660 552 Oooceoticulmum
679 477 717 548 io
734 474 873 550 ecclesio
888 475 1087 576 Anqlicooo
1101 484 1375 574 propopootoree

236 641 239 648 .
732 595 880 667 coerciti.

287 741 499 838 Quicunque
528 746 745 839 inposterum
772 744 971 829 effimrebit,
1000 751 1063 815 aut
1089 743 1258 826 tuebitur,
1283 741 1374 812 ullos

236 873 442 945 conventus,
459 870 582 945 coetus,
599 871 662 933 aut
684 861 974 956 congregationes
996 860 1217 932 subditorum
1239 859 1374 952 indige·

236 1002 361 1049 nurum
378 978 469 1050 iufra
485 977 552 1050 hoc
569 1000 717 1073 regnum
732 979 894 1061 existere,
907 985 1033 1070 praeter
1045 999 1116 1060 eos,
1129 977 1189 1069 qui
1206 999 1253 1047 ex
1270 975 1400 1069 hujus5

236 1099 336 1191 regni
362 1096 500 1190 legibus
525 1105 701 1178 tenentur,
728 1103 766 1166 et
790 1095 1037 1188 approbantur,
1060 1095 1120 1186 qui
1141 1115 1313 1175 verarum,
1336 1099 1375 1162 et

237 1212 475 1306 legitimarum
502 1213 727 1283 ecclesiarum
753 1234 882 1282 nomen
909 1212 1045 1303 possint
1066 1210 1132 1280 sibi
1152 1210 1234 1302 jure
1254 1210 1376 1279 vendi-

237 1351 327 1410 care,
356 1329 691 1406 excommunicetur,
719 1349 790 1397 non
817 1328 883 1398 nisi
906 1349 969 1419 per
991 1325 1291 1419 archiepiscopum
1321 1346 1375 1393 re-

238 1444 448 1528 stituendus,
476 1444 582 1535 idque
609 1454 796 1536 postquam
823 1442 1017 1537 resipuerit,
1045 1451 1083 1512 et
1103 1440 1252 1534 impium
1279 1439 1374 1510 hunc

238 1583 390 1632 errorem
407 1559 550 1653 publice
566 1561 748 1632 revocarit.
1385 1591 1419 1630 10

239 1807 329 1880 XII.
358 1806 625 1880 ordinationum
642 1808 681 1878 io
693 1805 933 1880 conventiculis
949 1807 1164 1880 conditorum
1176 1828 1375 1903 propeque

673 1934 762 1997 tores
779 1926 926 1997 coerciti.

288 2075 499 2168 Quicunque
516 2077 733 2169 inposterum
751 2075 1010 2159 asseverabunt,
1027 2075 1164 2146 licitum
1176 2095 1253 2144 esse
1266 2073 1376 2144 cuivis

238 2193 477 2262 ministrorum
511 2201 574 2263 eut
607 2191 775 2262 laicorum
806 2194 928 2276 ordini,
957 2193 1013 2264 vel
1042 2215 1163 2263 eorum
1197 2190 1375 2263 alterutris

238 2307 343 2380 simul
366 2311 596 2404 congregatis,
615 2333 775 2392 conones,
794 2311 944 2394 decreta,
963 2317 1025 2380 out
1043 2309 1312 2380 constitutiones
1330 2307 1419 2386 de15

238 2425 342 2496 rebus
369 2425 613 2497 ecclesiasticis
638 2428 726 2496 citra
747 2427 839 2520 regis
861 2427 1110 2498 auctoritatem
1133 2426 1307 2509 condere;
1337 2434 1375 2495 et

238 2542 371 2612 eisdem
397 2543 567 2636 regendos
596 2552 634 2614 et
659 2543 904 2638 gubemendos
933 2567 971 2614 se
1000 2545 1201 2637 subjiciunt,
1232 2566 1375 2615 excom-

236 2659 461 2729 municentur
485 2662 561 2753 ipso
586 2661 691 2744 facto,
713 2659 915 2731 nullatenus
937 2660 1150 2743 absolvendi,
1173 2661 1375 2753 priusquam

237 2774 455 2866 resipuerint,
479 2787 516 2846 et
538 2777 663 2869 impios
686 2777 750 2848 hos
767 2776 1054 2871 Anabeptisticos
1080 2797 1213 2850 errores
1233 2776 1374 2872 publice

236 2891 445 2962 revocarint.
1385 2911 1420 2950 co

306 3164 364 3237 De
380 3165 472 3238 culto
489 3165 616 3251 divino,
634 3175 666 3238 ct
681 3175 972 3239 sacramentorum
989 3166 1297 3240 administratione.

237 3366 347 3439 XIII.
373 3365 537 3464 Liturpio
557 3365 703 3462 publico,
722 3367 903 3465 etreliqua
916 3371 1059 3466 pietatis
1075 3370 1242 3443 eccrcitio
1258 3367 1374 3442 tetur

636 3487 746 3557 comis
763 3485 970 3560 celebrando.

213 3693 219 3702 Χ
285 3630 420 3704 Omnes
453 3634 692 3729 cujuscunque
730 3638 939 3709 conditionis
977 3648 1039 3710 out
1073 3647 1185 3710 status
1218 3661 1374 3732 persone
1509 3687 1510 3690 =

234 3750 325 3821 infra
351 3748 537 3820 eeclesiam
565 3748 801 3845 Anglioenam
829 3755 994 3848 deinceps
1024 3754 1254 3828 celebrabunt
1279 3757 1373 3826 diem
1383 3778 1416 3832 ²5

234 3865 450 3935 dominicum
481 3863 602 3961 (vulgo
633 3868 727 3938 diem
755 3870 847 3944 Solis
873 3880 1131 3968 nuncupatum)
1159 3883 1374 3966 ceterosque

222 3981 308 4066 ¹dies
326 3981 481 4064 festivos,
492 3982 600 4073 juxte
619 3985 777 4078 regulam
800 3989 926 4062 divinoe
943 3991 1145 4076 voluntatis,
1163 4003 1201 4062 et
1218 3990 1374 4062 ecclesius

233 4095 440 4192 Anglicanae
463 4098 626 4170 institute
645 4101 711 4173 hoe
729 4103 765 4174 in
782 4115 882 4198 perte
906 4107 1126 4201 prescripta3
1153 4107 1318 4178 nimirum
1337 4108 1374 4178 in

232 4214 406 4285 audiendo
420 4214 528 4286 verbo
542 4215 611 4287 Dei
629 4227 703 4288 tam
722 4218 825 4305 lecto,
839 4246 945 4315 quam
961 4225 1160 4319 predicato,
1174 4224 1210 4294 in
1228 4226 1278 4317 pri
1284 4226 1374 4296 ratis

233 4329 453 4423 publicisque
490 4333 653 4424 precibus
687 4337 864 4425 faciendis,
898 4342 934 4411 in
969 4341 1123 4433 peccatis
1152 4338 1232 4412 Deo
1266 4341 1375 4413 coufi-
