3140 4972
180 220 274 300 1604.
393 219 612 286 &nemone
626 221 694 285 aad
710 222 831 285 Oenone
845 220 1089 286 Eecless'cstical.
1255 219 1317 284 181

228 392 348 466 Primo
378 395 473 468 enim
498 395 647 468 ecclesia
673 393 872 490 Anglicana
894 397 970 488 jam
1000 396 1083 468 iude
1110 419 1132 468 a
1160 395 1319 489 papismo

177 509 310 584 abolito
332 534 470 606 semper
490 515 598 584 sensit
620 535 662 584 ac
683 513 813 594 docuit
831 523 869 584 et
890 513 996 584 hodie
1019 514 1128 584 etiam
1152 511 1261 582 sentit
1277 533 1319 580 ac

177 627 294 711 docet,
311 631 450 722 signum
467 631 579 700 crucis
601 629 639 698 in
661 629 836 721 baptismo
859 628 1057 700 adhibitum
1075 629 1120 699 de
1140 627 1249 719 ipsius
1266 649 1319 696 sa·

176 747 347 814 crementi
382 746 577 817 substantia
610 743 882 836 haudquaquam
916 745 1079 816 existere.
1144 742 1242 814 Nam
1276 750 1318 812 ut

175 859 331 952 primum
347 863 507 934 minister
523 862 695 933 infantem
712 863 924 954 immergens
940 862 977 930 in
994 881 1133 952 aquam,
1152 858 1210 928 vel
1226 858 1343 950 ojus-5

177 975 259 1048 dem
276 978 378 1048 faciei
395 1001 523 1070 aquam
542 979 756 1071 inspergens,
775 976 848 1048 haec
865 978 973 1048 verba
995 976 1205 1059 recitaverit,
1224 975 1318 1067 Bap-

176 1091 249 1162 tizo
276 1101 314 1163 te
343 1094 379 1163 in
407 1096 549 1164 nomine
579 1093 704 1177 Petris,
732 1103 770 1166 et
800 1093 892 1177 Filii,
923 1103 960 1164 et
991 1093 1142 1186 Spiritus
1172 1092 1315 1164 Sancti:

175 1208 290 1279 infans
323 1211 491 1280 continuo
525 1209 669 1302 plenum
704 1219 741 1280 et
775 1210 971 1303 perfectum
1005 1209 1171 1302 baptismi
1205 1230 1317 1278 sacra-

174 1337 338 1396 mentum
364 1327 599 1420 consequitur,
625 1327 714 1398 adeo
739 1336 780 1397 ut
809 1329 948 1421 siguum
976 1327 1088 1398 crucis
1113 1333 1193 1418 post
1218 1324 1317 1395 arihi-

174 1443 302 1526 bitnm,
319 1444 365 1515 ad
387 1444 552 1538 baptismi
575 1445 744 1516 virtutem
767 1453 830 1515 aut
847 1444 1101 1538 perfectionem
1121 1442 1209 1514 nihil
1230 1443 1318 1535 adji-
1327 1472 1360 1511 10

176 1559 258 1642 ciat,
281 1581 348 1630 nec
371 1561 466 1630 idem
489 1561 668 1647 omissum,
685 1559 731 1632 de
754 1561 830 1653 ejus
853 1559 1017 1643 efficacia,
1034 1569 1097 1631 aut
1120 1559 1318 1630 substantia

175 1676 363 1768 quicquam
381 1677 553 1749 detrahat.

225 1789 390 1863 Secundo
407 1793 524 1886 palam
540 1801 596 1864 est
616 1793 654 1862 in
671 1792 760 1863 libro
780 1790 930 1886 publicae
953 1791 1114 1887 liturgiae,
1132 1791 1315 1875 infantem,

175 1916 362 2001 postquam
380 1909 594 2002 baptismum
612 1910 804 2002 susceperit
822 1909 949 1998 (crucis
965 1909 1089 2001 utique
1113 1908 1212 2002 signo
1230 1931 1317 1978 non-

174 2025 260 2095 dum
283 2027 566 2118 superveniente)
584 2025 622 2095 in
639 2024 771 2096 Christi
791 2047 936 2119 gregem
959 2049 1001 2096 ac
1023 2024 1218 2108 ecclesiam,
1239 2033 1359 2106 tan-15
1386 2067 1388 2070 -

173 2163 281 2234 quam
309 2142 507 2235 perfectum
538 2142 613 2235 ejus
641 2142 841 2212 membrum
874 2149 1057 2234 receptum
1088 2162 1175 2224 esse,
1205 2141 1315 2234 ipsius

173 2257 263 2328 adeo
285 2257 451 2352 baptismi
473 2259 614 2342 virtute,
640 2280 712 2328 nou
734 2265 854 2328 autem
878 2265 1057 2351 potestate
1082 2256 1210 2349 aliqua,
1237 2280 1315 2350 quae

173 2375 273 2470 signo
294 2377 406 2448 crucis
429 2375 617 2470 affingitur.
668 2374 727 2446 Ite
742 2384 784 2446 ut
807 2383 951 2469 propter
970 2375 1081 2467 ipsam
1105 2375 1218 2445 crucis
1240 2397 1316 2446 me-

171 2492 331 2575 moriam,
361 2516 439 2585 quae
468 2493 562 2588 apud
592 2515 714 2564 omnes
744 2515 825 2563 vere
853 2493 891 2563 in
921 2490 1101 2562 Christum
1132 2493 1315 2564 credentes

172 2607 315 2702 plurimi
340 2632 478 2702 semper
503 2609 580 2692 fuit,
606 2619 644 2679 et
667 2607 817 2702 reliquas
843 2609 951 2680 etiam
977 2609 1024 2679 ob
1049 2631 1170 2679 carneas
1196 2631 1358 2702 supra-20

173 2725 294 2808 dietas,
309 2724 457 2796 ecclesia
469 2724 668 2818 Anglicana
680 2726 755 2819 ejus
770 2725 908 2819 signum
922 2725 960 2795 in
976 2723 1189 2818 baptizando
1202 2747 1315 2816 usque

171 2841 397 2912 retinendum
414 2844 599 2926 censuerit,
616 2851 739 2914 secuta
754 2844 921 2913 nimirum
938 2865 981 2912 ea
1002 2843 1039 2912 in
1057 2867 1095 2914 re
1119 2843 1314 2936 primitivus

172 2965 212 3027 et
227 2956 437 3051 apostolicas
454 2958 627 3043 ecclesiae,
645 2967 752 3052 atque
767 2958 863 3029 hunc
880 2958 1119 3030 characterem
1137 2979 1200 3051 pro
1217 2957 1315 3029 licita

173 3083 321 3146 externa
349 3077 548 3147 ceremonia
573 3086 740 3169 reputans
770 3085 808 3147 et
837 3075 995 3170 symbolo
1022 3075 1224 3157 honorifice,
1250 3098 1314 3168 per

172 3192 268 3285 quod
289 3193 404 3264 infans
429 3191 522 3262 illius
545 3193 722 3285 obsequio,
740 3194 801 3284 qui
822 3193 935 3263 crucis
957 3203 1109 3263 mortem
1133 3191 1254 3278 subiit,
1275 3193 1357 3278 in25

172 3318 383 3404 perpetuum
401 3318 505 3380 votus
525 3317 618 3380 esset
634 3317 672 3378 et
694 3308 933 3401 mancipatum
959 3309 996 3379 id
1014 3308 1107 3400 quod
1129 3331 1174 3378 ex
1198 3308 1313 3380 verbis

172 3425 210 3496 in
237 3424 326 3496 libro
353 3424 502 3520 publicae
526 3425 677 3520 liturgias
705 3427 877 3519 expressis
902 3426 1067 3498 facillime
1092 3434 1210 3520 potest
1234 3449 1312 3520 per-

173 3543 270 3636 spici.

223 3658 417 3743 Postremo,
436 3682 545 3752 quum
558 3683 640 3732 usus
653 3661 743 3755 signi
760 3660 864 3754 hujus
876 3661 912 3731 in
925 3661 1101 3754 baptismo
1114 3663 1151 3730 in
1163 3660 1312 3732 ecclesia

171 3774 372 3870 Anglioana
396 3784 566 3871 purgatus
592 3777 638 3847 sit
665 3777 709 3848 ab
737 3778 833 3847 omni
862 3778 1034 3870 papistica
1062 3777 1310 3870 superstitione
1319 3795 1355 3849 30

171 3915 356 3973 coemere,
375 3900 413 3964 et
435 3894 471 3962 in
494 3893 692 3986 primariam
717 3895 975 3965 institutionem
1001 3894 1219 3977 vindicatum
1246 3915 1311 3964 nos

172 4009 254 4080 freti
281 4008 486 4080 orthodoxis
511 4009 553 4079 iis
579 4010 746 4081 doctrinae
767 4009 896 4104 regulis
922 4011 967 4081 de
992 4010 1096 4079 rebus
1119 4010 1245 4080 mediis
1272 4019 1310 4080 et

171 4127 378 4220 adiaphoris,
409 4151 494 4220 quas
524 4127 643 4197 divino
677 4129 812 4211 canoni,
841 4151 883 4200 ac
916 4135 1055 4220 patrum
1086 4127 1308 4217 antiquorum

172 4244 335 4315 concordi
359 4245 541 4315 sententia
560 4245 761 4337 judicamus
789 4269 864 4316 esse
891 4252 1152 4326 consentaneas,
1180 4243 1308 4335 privati

171 4361 349 4452 cujusque,
367 4369 445 4431 tum
462 4360 621 4444 ministri,
635 4370 712 4433 tum
729 4361 873 4432 alterius
890 4383 1045 4454 personae
1057 4361 1352 4452 quusounque,35

171 4477 358 4550 statuimus
375 4499 450 4549 esse
472 4499 593 4550 verum
616 4479 773 4572 ejusdem
796 4501 911 4564 usum,
934 4476 1075 4572 publice
1097 4477 1308 4548 auctoritate
