3118 4968
207 211 272 274 rao
446 207 656 276 cacunem
670 207 735 272 aar
750 207 872 274 enon
885 207 1118 274 emansor.
1300 202 1348 288 [1.

258 380 445 454 Videbunt
461 384 581 466 etiam,
599 404 645 454 ne
661 391 788 465 rector,
806 383 964 465 vicarius,
981 390 1044 452 aut
1067 377 1239 474 parochus
1255 377 1352 469 uspi-

207 520 264 568 am
287 499 462 581 inserviat,
481 497 538 568 vel
560 499 598 569 in
622 497 767 592 capella,
786 497 843 568 vel
866 499 903 568 in
926 497 1087 580 oratorio,
1105 503 1168 567 aut
1189 492 1349 587 publicas

206 637 328 707 preces
354 615 448 686 dicat
473 615 510 684 in
533 614 703 708 cujusque
730 615 875 708 privatis
900 615 1042 697 edibus,
1070 613 1136 684 nisi
1164 612 1349 705 episcopus

207 729 260 800 illi
284 730 502 824 autographo
521 753 593 814 suo,
611 739 649 801 et
673 753 799 802 manus
824 751 895 800 suae
921 729 1175 822 subscriptione
1197 727 1272 819 ejus
1298 725 1349 795 rei

206 854 422 939 potestatem
439 847 584 930 fecerit;
609 869 700 918 neve
716 856 834 918 rector
850 855 913 916 aut
924 846 1082 927 vicarius,
1096 851 1159 915 aut
1175 841 1374 936 parochus5

206 963 373 1034 inserviat
390 961 576 1056 plusquam
593 963 654 1034 uni
672 962 838 1045 ecclesias,
856 972 919 1033 aut
936 960 1079 1055 capellae
1095 983 1167 1031 uno
1185 959 1253 1029 die.

258 1078 384 1164 Quivis
409 1079 570 1150 minister
595 1079 761 1163 ecclesia,
784 1088 974 1172 antequam
1000 1080 1037 1149 in
1062 1099 1196 1148 sacram
1220 1071 1351 1144 functi-

207 1217 312 1266 onem
330 1195 555 1290 ingrediatur,
568 1197 764 1268 subscribet
777 1196 941 1266 omnibus
953 1193 1110 1266 articulis
1123 1193 1168 1264 de
1181 1189 1350 1284 religione

207 1311 405 1394 christiana,
424 1314 565 1404 inques
588 1336 800 1384 eonsensum
820 1320 875 1384 est
900 1313 937 1382 in
957 1311 1114 1405 synod0;
1148 1317 1186 1380 et
1209 1305 1351 1400 publice

206 1427 250 1498 ad
269 1427 451 1520 populum,
469 1429 671 1523 ubicunque
688 1430 872 1523 episcopus
886 1427 1043 1520 jusserit,
1061 1425 1252 1520 patefaciet
1269 1444 1351 1492 con·
1362 1445 1396 1486 10

207 1542 391 1614 scientiam
417 1565 527 1628 suam,
554 1546 637 1636 quid
665 1545 710 1615 de
735 1544 804 1616 illis
830 1543 997 1626 articulis,
1019 1552 1057 1613 et
1082 1543 1245 1612 universa
1270 1539 1353 1609 doc-

206 1658 301 1728 trina
323 1659 463 1730 sentiat.
517 1659 638 1731 Semel
657 1670 779 1732 autem
799 1669 963 1752 receptus
984 1660 1022 1729 in
1039 1680 1176 1730 sacmm
1193 1656 1353 1726 ministe-

208 1775 308 1858 rium,
328 1776 373 1846 ab
390 1799 433 1847 eo
457 1779 675 1871 inposterum
699 1800 770 1848 non
793 1777 961 1859 discedet,
979 1797 1045 1846 nec
1069 1796 1106 1844 se
1129 1779 1191 1844 aut
1211 1771 1352 1853 vestitu,

206 1900 269 1962 aut
284 1891 420 1976 habitu,
438 1903 500 1966 aut
516 1895 553 1965 in
570 1892 645 1964 ulla
662 1893 743 1962 vitae
759 1902 860 1986 parte
877 1899 979 1988 geret
995 1914 1059 1985 pro
1078 1890 1179 1962 laico.

257 2007 382 2093 Quivis
399 2019 516 2080 rector
534 2009 699 2094 ecclesia,
717 2009 876 2092 vicarius,
894 2017 957 2080 aut
975 2007 1148 2100 parochus
1164 2004 1352 2097 quotannis
1363 2028 1396 2088 15

206 2131 290 2194 ants
324 2125 531 2196 vicesimum
565 2126 661 2197 diem
695 2150 716 2198 a
750 2125 924 2198 Paschate
957 2123 1142 2195 exhibebit
1175 2121 1352 2216 episcopo,

206 2241 326 2332 ejusve
344 2241 552 2314 cancellario
574 2251 637 2314 aut
657 2241 896 2314 commissario
917 2241 1062 2311 nomina
1081 2248 1120 2309 et
1142 2238 1353 2333 cognomina

205 2357 497 2450 parochianorum
523 2381 667 2430 suorum
695 2368 769 2430 tam
799 2358 959 2441 marium,
989 2380 1097 2450 quam
1127 2356 1352 2426 foeminarum

208 2472 345 2562 (eorum
375 2473 537 2569 inquam)
567 2476 628 2568 qui
658 2498 740 2546 cum
768 2474 953 2568 exegerint
976 2495 1109 2545 annum
1139 2472 1253 2542 aetatis
1280 2493 1351 2542 suae

207 2589 385 2659 decimum
397 2599 574 2681 quartum,
588 2599 709 2662 tamen
727 2590 771 2662 ad
789 2598 1047 2661 sacrosanctam
1065 2589 1351 2660 communionem
1360 2612 1395 2651 20

207 2704 275 2794 (uti
293 2706 436 2776 statutis
454 2715 491 2776 et
508 2705 647 2801 legibus
664 2705 911 2778 ecclesiasticis
929 2705 1035 2798 hujus
1052 2705 1151 2799 regni
1168 2705 1351 2798 tenentur)

205 2844 278 2894 non
302 2824 532 2907 accesserint3
566 2825 697 2918 quique
723 2824 841 2895 subire
867 2845 1018 2892 examen
1035 2820 1263 2892 ecclesiastici
1285 2822 1352 2891 mi-

205 2937 307 3008 nistri
341 2937 386 3008 de
416 2939 605 3012 ediscendo
635 2939 861 3024 catechismo,
892 2947 930 3010 et
963 2938 1121 3010 articulis
1153 2937 1351 3010 christianae

204 3053 382 3149 religionis
416 3055 717 3142 detractaverint;
760 3057 892 3149 quique
925 3063 1089 3150 parentes
1123 3063 1187 3126 aut
1215 3054 1351 3125 domini

206 3169 335 3241 liberos
364 3178 427 3240 aut
456 3170 607 3242 famulos
637 3195 719 3244 suos
748 3174 794 3243 ad
823 3171 1039 3243 audiendum
1073 3171 1352 3264 discendumque
1361 3195 1396 3255 ²5

207 3287 360 3358 eundem
393 3285 497 3356 illum
530 3285 785 3358 catechismum
819 3287 1021 3360 constitutis
1055 3287 1273 3379 temporibus
1307 3288 1353 3360 ad

207 3401 391 3473 ecclesiam
409 3403 554 3474 mittere
571 3402 859 3497 contempserint.
912 3403 1106 3475 Neminem
1124 3411 1245 3476 autem
1261 3405 1354 3498 pati-

206 3528 313 3589 entur
339 3518 384 3588 de
411 3541 509 3590 sacro
537 3517 677 3590 lavacro
704 3520 877 3591 infantem
907 3521 1094 3613 suscipere,
1124 3521 1190 3592 nisi
1219 3521 1280 3614 qui
1307 3521 1350 3592 ad

207 3658 366 3707 mensam
384 3635 597 3708 dominicam
615 3639 813 3723 accesserit,
831 3645 869 3707 et
886 3645 1087 3709 sanctorum
1106 3639 1353 3732 mysteriorum

207 3754 383 3848 particeps
403 3754 534 3838 fuerim
569 3755 614 3825 ad
639 3755 887 3848 mysteriorum
914 3763 1036 3826 autem
1066 3755 1397 3840 communionem30

208 3871 387 3942 neminem
415 3871 592 3954 admittet,
622 3872 682 3966 qui
717 3871 972 3942 catechismum
1006 3881 1044 3943 et
1072 3871 1240 3943 articulos
1269 3871 1352 3942 fidei

208 4011 280 4058 non
304 3988 476 4058 didicerit.

259 4104 435 4177 Omnibus
452 4107 646 4188 dominicis,
664 4113 702 4176 et
723 4105 822 4178 festis
839 4104 963 4175 diebus
982 4112 1146 4188 rectores,
1163 4104 1293 4187 vicarii,
1312 4113 1351 4175 et

207 4220 351 4315 parochi
368 4223 420 4292 ita
435 4230 574 4294 mature
591 4231 629 4294 et
646 4223 896 4294 convenienter
913 4227 1056 4314 captato
1076 4228 1238 4314 tempore
1254 4222 1353 4292 veni-

207 4349 271 4410 ent
294 4339 338 4410 ad
362 4338 536 4422 ecclesias,
558 4347 600 4410 ut
622 4337 824 4432 parochiani
847 4336 1018 4410 confectis
1040 4337 1145 4408 rebus
1169 4339 1251 4423 suis,
1269 4361 1397 4420 cum35

208 4453 328 4528 liberis
344 4462 382 4524 et
398 4454 539 4527 famulis
556 4455 691 4549 possint
708 4455 834 4526 eodem
855 4475 1060 4539 occurrere;
1086 4454 1136 4525 ibi
1153 4476 1237 4528 vero
1255 4479 1355 4528 reve·
