3140 4972
242 227 307 300 196
466 225 683 294 mansus
698 224 765 290 ano
782 226 904 292 cnm
919 226 1161 294 amman
1320 217 1380 307 [u.

242 404 363 478 landes
381 403 460 476 Dec
477 403 664 476 reddamus
679 425 743 496 pro
759 401 829 474 illis
846 404 1019 488 omnibus,
1032 406 1093 498 qui
1109 403 1148 476 in
1163 401 1234 474 fide
1246 399 1382 471 Christi

242 543 288 591 ex
310 520 377 591 hac
400 521 473 591 vita
498 527 744 604 excesserunt3
769 519 951 592 humiliter
973 521 1052 594 Deo
1075 518 1321 613 supplicantes,
1338 523 1383 587 ut

241 659 304 731 per
320 636 414 707 illius
429 638 579 731 gratiam
596 636 706 706 vitam
718 645 875 708 nostram
891 638 935 708 sd
951 638 1050 731 pium
1065 659 1187 709 eorum
1200 632 1383 727 exemplar

241 753 443 848 dirigamus,
460 761 502 824 ut
517 755 570 824 ita
585 751 729 824 tandem
747 751 813 823 hac
830 753 970 824 mortali
992 755 1066 824 vita
1082 753 1250 834 defuncti,
1268 773 1384 822 resur-

240 893 364 966 gamus
381 893 463 942 cum
480 869 549 942 iilis
571 871 683 940 indie
700 869 788 942 Jesu
805 869 936 940 Christi
958 870 1003 941 ad
1020 869 1203 942 coelestem
1219 866 1407 962 glorians

241 999 279 1060 et
300 991 410 1060 vitam
433 997 620 1059 aternam:
645 1009 783 1080 semper
807 1009 890 1058 cnm
915 987 1073 1058 oratione
1097 986 1275 1058 dominica
1299 1007 1383 1054 con-

242 1104 435 1176 cludentes.

244 1301 344 1376 LVI.
382 1301 565 1375 Minionis
581 1327 673 1375 merc
688 1301 983 1375 concionatoribus
1000 1323 1143 1398 precum
1162 1297 1382 1396 publicorum

291 1417 397 1503 lectio,
425 1428 457 1490 et
484 1428 774 1492 sacramentorum
802 1418 1060 1491 administratio
1090 1415 1171 1492 bino
1202 1417 1382 1488 annuatim

291 1535 454 1630 injuncto.
1393 1547 1428 1588 10

291 1683 418 1758 Omnis
442 1688 603 1758 minister
627 1689 665 1757 in
690 1686 861 1758 beneficio
892 1695 1014 1758 ornato
1044 1687 1267 1771 constitutus,
1296 1686 1384 1757 licet

240 1803 482 1897 praedicationi
499 1804 722 1897 potissimum
735 1810 847 1885 vacet,
861 1815 907 1892 et
916 1812 1077 1875 curatum
1091 1803 1157 1875 sub
1169 1825 1207 1874 se
1219 1804 1382 1888 retineat,

241 1921 301 2014 qui
318 1919 454 2012 reliqua
469 1919 628 1992 ecclesiae
641 1917 756 1990 officia
771 1920 881 2014 ipsius
893 1919 970 1992 vice
987 1928 1204 2013 exequatur3
1222 1920 1385 1992 similiter

241 2037 351 2108 etiam
376 2036 524 2130 quilibet
551 2035 777 2107 concionator
799 2035 1055 2130 stipendiarius,
1077 2039 1138 2131 qui
1160 2036 1384 2132 praelegendi,

241 2155 492 2237 catechizandi,
519 2162 582 2225 aut
607 2154 837 2226 concionandi
865 2175 995 2225 munus
1022 2155 1060 2225 in
1089 2154 1207 2248 aliqua
1236 2154 1429 2227 ecclesia15

241 2270 300 2343 vel
316 2270 451 2365 capella
468 2277 623 2354 exercet,
640 2269 820 2364 liturgiam
836 2271 978 2365 publice
999 2272 1164 2344 recitabit
1181 2273 1318 2344 duobus
1339 2273 1385 2344 ad

241 2389 358 2458 minus
374 2387 543 2480 cujusque
565 2387 648 2458 anni
672 2385 795 2457 diebus
812 2386 1006 2470 dominicis,
1023 2387 1070 2458 ad
1090 2388 1194 2460 horas
1212 2398 1290 2459 tum
1310 2411 1385 2460 ma·

242 2505 360 2588 tutini,
378 2514 456 2575 tum
472 2501 662 2596 vespertini
675 2503 844 2597 temporis
856 2511 1043 2575 consuetas
1055 2512 1093 2576 ct
1105 2506 1263 2590 usitatas,
1276 2513 1386 2599 atque

242 2643 284 2692 ea
306 2621 344 2690 in
369 2617 526 2702 ecclesia,
551 2619 589 2688 in
618 2641 687 2711 qua
716 2617 944 2690 beneficiatus
973 2627 1037 2704 est,
1071 2618 1128 2692 rel
1158 2621 1385 2715 praelectoris,

241 2735 457 2818 catechistae,
490 2743 553 2804 aut
586 2734 840 2806 concionatoris
872 2757 1021 2806 munere
1054 2735 1237 2831 fungitur3
1277 2738 1384 2810 toties
1394 2756 1430 2796 20

241 2853 329 2922 item
357 2859 575 2922 sacramenta
603 2849 768 2943 baptismi
797 2851 841 2940 (si
871 2852 932 2943 qui
961 2863 1066 2924 erunt
1099 2854 1316 2948 baptizandi)
1347 2864 1386 2926 et

242 2991 350 3039 coenae
372 2967 559 3038 dominicae
581 2968 769 3061 quotannis
795 2966 1065 3053 administrabit,
1083 2970 1189 3042 modo
1212 2980 1250 3041 et
1273 2971 1387 3042 forma

242 3085 475 3176 omnibusque
496 3084 538 3154 iis
564 3084 690 3155 ritibus
717 3091 756 3154 ei
782 3085 990 3154 ceremoniis
1014 3085 1218 3171 observatis,
1247 3112 1324 3181 quse
1348 3088 1387 3157 in

242 3201 331 3273 libro
357 3201 506 3296 publicae
532 3201 686 3295 liturgiae
711 3202 748 3270 in
778 3223 821 3270 ca
848 3210 948 3294 parte
974 3203 1258 3294 praescribuntur.
1315 3203 1387 3289 Qui

243 3342 344 3391 secus
369 3320 501 3403 fecerit,
528 3319 557 3388 si
582 3317 754 3389 beneficio
779 3319 922 3388 dotatus
947 3326 1003 3389 est
1024 3320 1081 3408 (ut
1104 3323 1221 3414 supra)
1245 3340 1431 3414 poenam25

243 3435 477 3528 suspensionis
503 3435 681 3518 incurret3
711 3435 958 3527 stipendiarius
983 3459 1076 3520 vero,
1102 3439 1221 3508 sireis
1246 3437 1388 3509 lectoris

244 3553 317 3623 sive
344 3550 555 3633 catechistae,
587 3551 662 3622 sive
687 3551 832 3622 demum
856 3552 1112 3624 concionatoris
1138 3554 1281 3624 nomine
1307 3576 1389 3624 cen-

244 3676 351 3752 setur,
369 3690 433 3760 per
449 3668 653 3760 episcopum
671 3667 908 3738 dioecesanum
925 3691 946 3738 a
963 3691 1110 3740 munere
1127 3669 1387 3752 submoveatur,

243 3783 356 3854 donec
373 3805 411 3854 sc
436 3782 654 3854 conformem
674 3783 877 3876 praebuerit,
895 3785 940 3854 ad
961 3786 1079 3857 omnia
1103 3786 1252 3879 praefata
1274 3785 1390 3858 officia

244 3899 310 3972 sub
326 3901 433 3972 modo
450 3909 488 3972 et
504 3900 617 3971 forma
633 3899 841 3993 supradictis
857 3899 925 3970 rite
941 3901 1163 3993 perficienda.
1397 3925 1434 3982 30

287 4101 407 4174 LVII.
456 4100 491 4174 A
521 4097 693 4172 ministris
716 4123 785 4172 non
814 4099 1108 4174 concionatoribus
1133 4112 1347 4174 sonomcntc

397 4219 400 4228 ’
566 4217 745 4314 efficaciter
761 4217 1014 4290 administrari.

296 4369 389 4440 Cum
405 4367 509 4439 multi
525 4369 655 4441 afalds
669 4368 871 4441 doctoribus
883 4371 921 4441 in
934 4392 1089 4440 errorem
1100 4369 1247 4452 inducti,
1261 4367 1389 4442 liberos

246 4507 327 4557 suos
348 4484 415 4556 nisi
442 4507 506 4579 per
529 4486 730 4560 ministrum
757 4487 1043 4559 concionatorem
1068 4485 1183 4557 nolint
1207 4483 1388 4579 baptizari,
