3140 4972
194 251 301 336 1597.]
420 252 634 318 comecias
647 253 713 318 aud
726 254 848 319 caram
861 251 1091 318 accusantem.
1265 250 1328 317 149

189 425 447 498 academiarum
473 429 622 522 gradum
651 429 805 523 aliquem
834 429 1082 502 scholasticum
1112 425 1324 518 susceperit;

188 540 245 612 rel
271 543 398 614 saltem
424 547 489 616 nisi
515 548 687 618 rationem
712 546 796 618 fidei
825 570 896 618 suae
919 547 1027 639 juxta
1053 541 1219 614 articulos
1245 540 1325 612 illos

187 656 366 752 religionis
398 661 435 731 in
468 664 600 756 synodo
634 641 877 756 episcoporum
911 671 949 734 et
983 662 1068 733 cleri
1100 657 1323 753 approbatos,

188 773 317 846 latino
343 799 503 849 sermone
528 780 674 851 reddere
698 781 818 874 possit,
835 780 923 850 adeo
943 786 984 849 ut
1007 799 1183 849 sacrarum
1207 775 1325 844 litera-

186 913 266 962 rum
292 895 502 978 testimonia,
520 896 646 987 quibus
667 897 858 968 eorundem
881 895 1109 968 articulorum
1126 892 1254 964 veritas
1271 892 1348 965 ιιι-5

187 1008 322 1092 nititur,
349 1012 496 1082 recitare
521 1013 630 1083 etiam
658 1012 796 1096 valeat3
832 1035 873 1083 ac
903 1011 1060 1094 ulterius,
1086 1011 1132 1080 de
1157 1010 1231 1079 rite
1260 1030 1324 1078 sua

189 1122 369 1210 laudabili,
390 1135 428 1196 et
449 1150 588 1198 morum
608 1130 812 1223 integritate
834 1129 954 1200 literas
976 1125 1229 1197 testimoniales
1258 1123 1324 1194 sub

188 1241 315 1334 sigillo,
341 1242 399 1312 vel
427 1244 574 1336 alicujus
604 1244 742 1340 collegii
773 1244 1068 1338 Cantabrigieusis
1097 1251 1160 1313 aut
1189 1240 1323 1312 Oxoni-

185 1359 287 1440 ensis,
305 1359 365 1429 ubi
389 1367 495 1431 antea
514 1383 650 1432 moram
674 1362 807 1442 fecerit,
826 1360 883 1431 vel
908 1359 1055 1453 alicujus
1075 1358 1258 1451 justitiarii
1275 1357 1320 1428 ad

186 1496 312 1566 pacem
334 1477 484 1548 domine
507 1480 635 1572 reginae
658 1479 931 1549 conservandam
953 1477 1130 1572 assignati,
1146 1499 1218 1546 uua
1239 1498 1366 1545 cum10

189 1591 445 1686 subscriptione
474 1603 512 1664 et
545 1598 747 1667 testimonio
778 1595 925 1666 aliorum
958 1593 1148 1687 proborum
1181 1600 1218 1663 et
1251 1591 1321 1661 fide

188 1707 374 1802 dignorum
392 1710 576 1782 hominum
593 1714 749 1806 ejusdem
767 1711 949 1805 parochie,
965 1711 1028 1782 ubi
1044 1732 1108 1803 per
1124 1717 1196 1780 tres
1212 1731 1321 1780 annos

184 1835 267 1895 ante
289 1828 450 1919 proxime
475 1827 610 1922 elapsos
632 1837 868 1900 commoratus
885 1835 949 1909 est,
967 1826 1144 1898 exhibeat.
1197 1824 1321 1918 thue

183 1939 220 2011 hi
238 1943 325 2013 sacri
343 1945 482 2016 ordines
498 1946 623 2018 diebus
639 1946 887 2018 tantummodo
903 1944 1098 2026 dominicis,
1115 1966 1156 2013 ac
1175 1943 1319 2026 festivis,

183 2058 289 2150 idque
316 2058 456 2153 publice
486 2084 527 2132 ae
556 2063 767 2155 tempestive
796 2063 834 2133 in
861 2060 1018 2144 ecclesia,
1048 2060 1108 2130 ubi
1137 2060 1362 2152 episcopus15

182 2195 317 2246 moram
342 2177 500 2261 traxerit,
532 2179 777 2250 conserantur:
816 2179 956 2272 proviso
987 2199 1137 2269 semper,
1164 2184 1207 2246 ut
1234 2177 1320 2246 utri-

182 2315 294 2386 usque
307 2295 493 2366 academiae
506 2295 734 2390 collegiorum
751 2297 844 2379 socii,
857 2296 917 2387 qui
934 2317 1077 2365 suorum
1091 2292 1320 2386 collegiorum

185 2411 328 2481 statutis
337 2411 383 2481 ad
399 2433 514 2482 sacros
526 2413 665 2486 ordines
676 2414 769 2484 intra
781 2421 917 2483 certum
928 2419 1069 2504 tempus
1082 2409 1319 2502 suscipiendos

181 2535 358 2610 tenentur,
380 2527 449 2598 boc
471 2529 613 2600 decreto
634 2527 820 2621 (quantum
846 2528 892 2599 ad
915 2534 1057 2600 aetatem
1082 2526 1226 2619 attinet)
1247 2548 1319 2597 non

181 2641 393 2736 obligentur.
450 2644 584 2728 Quodsi
615 2667 697 2715 vero
726 2644 852 2737 aliquis
879 2645 1061 2738 episcopus
1090 2642 1245 2734 aliquem
1272 2640 1363 2711 adzo

181 2782 296 2830 sacros
323 2762 461 2832 ordines
489 2761 679 2845 admiserit,
707 2763 768 2854 qui
795 2763 969 2855 praedictis
992 2761 1220 2854 qualitatibus
1245 2782 1318 2830 non

181 2877 227 2948 sit
249 2877 425 2968 praeditus,
443 2879 472 2948 is
494 2901 557 2971 per
577 2878 886 2972 archiepiscopum,
904 2879 1079 2950 assidente
1099 2877 1164 2948 sibi
1188 2875 1254 2947 hac
1279 2877 1317 2946 in

180 3002 280 3086 parte
308 3016 379 3064 uno
406 2994 475 3064 alio
501 2995 674 3088 episcopo,
697 2997 743 3067 ab
768 2996 987 3066 ordinatione
1013 2994 1253 3064 ministrorum
1279 3003 1317 3064 et

181 3111 407 3182 diaconorum
431 3133 496 3204 per
510 3113 689 3204 integrum
711 3112 892 3183 biennium
915 3110 1158 3205 suspendatur,
1175 3131 1216 3180 ac
1237 3132 1316 3180 eam

180 3235 350 3320 praterea
386 3250 526 3321 poenam
559 3229 723 3312 incurrat,
766 3251 842 3321 quae
876 3227 922 3296 de
957 3228 1040 3320 jure
1073 3228 1111 3296 in
1144 3226 1315 3318 ejusmodi
1325 3253 1357 3308 25

180 3346 369 3437 episcopos,
383 3345 443 3437 qui
460 3344 505 3414 ad
522 3345 660 3415 ordines
677 3343 931 3416 ecclesiasticos
947 3343 1022 3414 sine
1039 3340 1144 3414 titulo
1161 3341 1315 3435 aliquem

179 3461 446 3553 promovebunt,
465 3461 642 3531 statuitur.

228 3575 374 3659 Adher,
398 3599 444 3647 ne
470 3579 547 3670 quis
570 3579 752 3670 episeopus
773 3577 928 3670 aliquem
950 3579 987 3648 in
1011 3577 1221 3648 beneficium
1246 3578 1315 3666 (uti

179 3698 321 3787 vocant)
339 3695 509 3778 instituat,
527 3696 594 3765 nisi
614 3696 674 3787 qul
697 3697 871 3788 praedietis
894 3694 1153 3766 conditionibus
1170 3703 1314 3766 ornatus

178 3810 295 3881 fuerit.
1321 3835 1357 3890 3⁰

229 3925 268 3998 Si
281 3951 365 3998 vero
375 3928 472 3998 curia
484 3927 528 3997 de
541 3927 691 3997 arcubus
704 3936 766 3998 aut
779 3929 966 4000 audientiae
981 3951 1045 4021 per
1057 3928 1150 3998 viam
1164 3924 1312 4019 duplicis

178 4042 337 4135 querelae,
362 4067 423 4114 seu
447 4043 516 4114 alio
540 4044 791 4135 quovismodo
814 4054 936 4115 contra
959 4045 1160 4138 episcopum
1183 4042 1249 4112 bec
1275 4043 1312 4113 in

177 4167 277 4250 parte
310 4169 403 4254 agat,
438 4161 520 4253 quia
553 4159 713 4230 homines
747 4162 892 4231 minime
925 4161 1070 4232 idoneos
1103 4181 1144 4229 ac
1176 4157 1311 4230 habiles

177 4275 365 4346 admittere
386 4277 526 4359 renuit;
552 4283 638 4345 tunc
660 4275 782 4347 licebit
804 4277 1064 4370 archiepiscopo
1081 4274 1140 4345 vel
1160 4276 1311 4346 auetori-

176 4399 252 4461 tate
275 4393 424 4485 propria,
443 4391 499 4462 vel
524 4392 638 4487 gratia
662 4392 804 4485 speciali
829 4416 850 4463 a
871 4393 967 4488 regia
990 4393 1175 4485 majestate
1199 4391 1352 4486 impe-35
