3118 4968
220 184 285 250 130
454 184 743 252 anabmmmood
758 184 1124 252 commaerentem.
1315 179 1360 268 [Ι.

271 360 465 456 Episcopus
498 363 635 435 curabit
665 371 709 433 ut
743 362 883 455 justum
916 363 1162 444 inventarium,
1197 358 1362 453 quodque

222 487 349 549 vocant
370 480 566 563 terrarium,
584 479 744 550 omnium
765 500 941 572 agromm,
957 487 1148 570 pratorum,
1167 477 1361 556 hortorum,

222 597 466 687 pomariorum‚
485 619 562 689 quae
579 596 625 665 ad
641 595 826 666 rectoriam
845 593 1010 686 aliquam,
1028 602 1090 664 aut
1103 594 1267 664 vicariam
1285 614 1363 684 per-

221 711 349 794 tinent,
367 734 413 781 ex
429 713 618 805 proborum
641 711 825 782 hominum
849 711 1068 804 inspectione
1085 717 1252 790 sumatur,
1271 717 1308 778 et
1325 709 1362 776 in

222 826 339 896 archia
356 850 419 898 sua
434 829 615 909 referatur,
633 826 677 897 ad
695 827 745 897 rei
761 825 968 896 memoriam
985 827 1246 918 sempiternam.
1370 840 1387 898 5

273 941 466 1037 Episcopus
482 967 553 1014 non
576 945 733 1036 patietur
756 951 1019 1035 procuratorem
1036 943 1183 1035 alicujus
1200 941 1363 1013 beneficii

221 1057 330 1128 ullam
357 1059 485 1129 habere
510 1067 724 1152 potestatem
741 1059 779 1128 in
804 1060 1005 1129 ministrum
1031 1057 1110 1142 Dei,
1132 1068 1174 1129 ut
1199 1079 1282 1128 cum
1305 1057 1363 1128 vel

222 1177 398 1258 admittat,
417 1175 472 1246 vel
490 1176 635 1268 rejiciat.
688 1174 818 1267 Neque
835 1176 997 1245 minister
1011 1175 1128 1244 minus
1144 1196 1166 1245 a
1185 1197 1362 1267 quoquam

222 1291 371 1383 accipiet
388 1292 531 1361 nomine
547 1291 721 1384 stipendii,
740 1313 846 1384 quam
863 1292 988 1362 decem
1004 1291 1118 1361 libras.

272 1405 403 1478 Omnia
424 1409 661 1484 matrimonia
687 1429 764 1500 quac
793 1407 929 1499 uspiam
955 1417 1136 1478 contracta
1160 1414 1245 1478 sunt
1270 1407 1363 1477 intra
1372 1427 1406 1468 10

220 1524 349 1618 gradus
365 1523 591 1618 cognationis,
609 1534 672 1595 aut
689 1523 869 1595 affinitatis
887 1522 1079 1616 prohibitos
1097 1525 1133 1593 in
1147 1523 1243 1594 xviii.
1260 1522 1363 1593 Levi-

222 1642 294 1724 tici,
324 1642 535 1713 auctoritate
565 1641 716 1734 episcopi
744 1640 997 1724 dissolventur;
1030 1641 1186 1711 maxime
1212 1662 1305 1721 vero,
1334 1639 1362 1708 si

222 1758 309 1850 quis,
323 1758 437 1850 priore
450 1779 561 1827 uxore
574 1759 768 1839 demortua,
782 1757 858 1848 ejus
871 1778 1025 1826 sororem
1038 1779 1186 1826 uxorem
1199 1755 1362 1826 duxerit:

221 1871 280 1943 hic
297 1873 391 1943 enim
407 1875 536 1967 gradus
558 1873 737 1944 communi
755 1873 941 1950 doctorum
961 1871 1118 1941 virorum
1138 1894 1309 1942 consensu
1326 1879 1363 1941 et

216 1987 353 2082 judicio
370 1997 516 2082 putatur
532 1990 569 2059 in
588 1989 748 2060 Levitico
765 1988 953 2080 prohiberi.
1374 2013 1406 2071 15

274 2103 360 2176 Non
391 2105 512 2178 licebit
546 2107 710 2198 cuiquam
739 2105 1002 2176 matrimonium
1036 2107 1242 2176 contrahere
1270 2107 1364 2176 inter

222 2222 301 2293 illos
324 2222 463 2318 gradus,
482 2223 542 2315 qui
559 2224 597 2292 in
613 2221 735 2292 tabula
756 2246 780 2292 a
794 2225 1082 2294 reverendissimo
1102 2232 1203 2317 patre
1220 2223 1363 2294 domino

222 2340 481 2433 archiepiscopo
499 2339 752 2421 Cantuariensi‚
770 2337 808 2407 in
824 2361 906 2410 eum
923 2361 1028 2410 usum
1049 2341 1178 2434 scripta
1195 2351 1233 2411 et
1249 2339 1364 2434 publi·

223 2465 312 2538 cata,
329 2455 571 2549 prohibentur.

434 2653 567 2726 Formo
583 2654 758 2725 sententie
775 2656 1146 2728 eccommuoicatioais.
1372 2683 1408 2722 ιο

273 2801 423 2887 Fratres,
441 2805 607 2897 quoniam
630 2805 831 2897 quicunque
855 2805 1060 2897 profitemur
1081 2828 1211 2876 nomen
1232 2804 1362 2876 Christi

222 2919 321 3003 Jesu,
339 2943 458 2992 sumus
476 2943 597 2992 omnes
619 2921 779 2992 membra
802 2920 960 3012 ejusdem
978 2922 1141 3015 corporis,
1159 2930 1196 2992 et
1217 2945 1281 3015 par
1297 2931 1362 3004 est,

223 3045 265 3105 ut
282 3060 392 3106 unum
414 3038 614 3109 membrum
637 3036 782 3108 alterius
798 3036 948 3107 membri
973 3060 1076 3108 sensu
1093 3048 1131 3108 et
1148 3037 1268 3108 dolore
1291 3038 1365 3108 affi-

226 3152 359 3235 ciatur3
395 3174 458 3245 pro
494 3151 599 3224 officii
630 3155 701 3224 mei
736 3154 883 3233 ratione,
920 3155 1078 3247 significo
1113 3155 1221 3238 vobis,
1251 3156 1298 3226 A.
1321 3154 1364 3226 B.

223 3268 364 3360 publice
393 3280 596 3340 accusatum
619 3293 695 3341 esse
726 3271 769 3341 de
793 3267 976 3353 adulterio,
1002 3270 1039 3339 in
1065 3294 1144 3363 quo,
1175 3271 1270 3342 fama
1299 3279 1408 3362 est,25

224 3406 306 3453 eum
324 3384 452 3455 vixisse
469 3387 640 3477 nequiter,
658 3395 695 3458 et
720 3388 879 3480 turpiter,
899 3410 980 3458 cum
1003 3388 1111 3481 ipsius
1128 3390 1309 3472 dedecore,
1327 3399 1365 3458 et

224 3501 376 3580 infamia,
399 3511 437 3571 et
462 3503 558 3594 gravi
589 3501 780 3574 offensione
809 3504 969 3576 eeclesiae
995 3503 1085 3590 Dei;
1120 3515 1157 3577 et
1183 3531 1226 3578 ea
1250 3530 1363 3589 causa,

223 3625 265 3686 ut
290 3616 435 3710 insignis
460 3616 521 3689 illa
546 3619 728 3711 turpitudo
753 3619 924 3713 supplicio
950 3621 1067 3713 aliquo
1090 3623 1297 3706 afficeretur,
1319 3624 1363 3693 ad

224 3733 377 3825 episcopi
403 3734 558 3804 tribunal
581 3745 744 3806 vocatum
769 3758 854 3806 esse.
907 3737 955 3808 Et
985 3740 1150 3830 quoniam
1177 3739 1363 3833 praedictus

224 3846 271 3918 A.
285 3846 328 3917 B.
347 3850 561 3922 conscientia
576 3853 754 3944 nequitiae·
766 3876 848 3938 sure,
870 3855 915 3925 ad
933 3855 1026 3924 diem
1051 3854 1210 3950 legitime
1228 3857 1407 3946 dictum30

225 3986 425 4056 comparere
455 3967 677 4058 contempsit,
704 3976 742 4037 et
771 3991 808 4037 se
829 3969 978 4062 justitia
1004 3973 1259 4042 contumaciter
1283 3971 1364 4042 sub·

225 4082 338 4163 duxit,
368 4091 405 4150 et
435 4080 521 4151 alios
551 4081 715 4176 exemplo
748 4108 812 4155 suo
841 4085 887 4156 ad
921 4087 1071 4157 similem
1105 4088 1363 4158 contumaciam

224 4199 413 4280 animavit;
440 4198 568 4269 idcireo
590 4197 658 4268 hoc
681 4199 789 4270 etiam
807 4225 869 4274 vos
892 4203 1035 4296 insuper
1057 4205 1256 4276 admonitos
1274 4203 1363 4288 volo,

225 4315 426 4407 episcopum
448 4325 607 4384 nostrum
631 4317 773 4387 nomine
790 4329 898 4410 atque
918 4321 1130 4392 auctoritate
1152 4319 1221 4392 Dei
1239 4323 1363 4415 optimi

225 4430 370 4502 maximi
388 4431 711 4503 excommunicasse
728 4431 828 4504 iilum
846 4436 891 4506 ab
909 4437 1004 4506 omni
1022 4439 1191 4509 societate
1208 4439 1408 4536 ecclcsiae35
