3128 4962
228 214 271 276 ro
621 204 979 295 Astoofnepan.
1283 197 1372 281 [ιιι.

227 385 322 480 goti:
358 409 428 479 qua
456 386 507 468 fit,
533 393 575 456 ut
604 386 650 457 ab
680 381 841 480 originali
863 381 1006 476 justitia
1033 400 1140 472 quum
1168 373 1371 470 longissime

229 501 358 585 distet3
383 501 428 572 ad
444 500 576 572 malum
596 523 659 572 sua
675 509 802 571 natura
817 497 1056 593 propendcat;
1081 502 1120 566 et
1136 514 1217 564 cam
1233 509 1372 582 semper

228 619 394 690 adversus
418 617 580 710 spiritum
605 616 852 709 concupiscat;
887 613 982 683 unde
1008 613 1047 684 in
1071 629 1285 702 unoquoque
1311 627 1373 676 na·

229 735 413 818 acontium,
430 735 519 804 iram
537 732 607 804 Dei
624 739 732 826 atque
749 731 1013 804 damnationem
1029 734 1196 799 meretur.
1245 721 1374 794 Manet

229 851 339 921 etiam
364 850 401 920 in
427 851 558 920 renatis
583 849 662 921 haec
687 858 821 920 naturae
845 846 1067 940 depravatio:
1092 865 1163 937 qua
1186 841 1239 924 fit,
1258 849 1300 910 ut
1323 837 1398 908 arf-5

230 966 345 1036 fectus
362 967 488 1052 carnis,
506 965 629 1038 Graece
646 965 800 1062 φρόνημα
818 960 938 1060 σαρκὸς
951 960 1060 1056 (quod
1077 959 1136 1032 alii
1153 953 1374 1051 sapientiam,

229 1083 289 1154 alii
315 1105 466 1168 sensum,
492 1082 551 1154 alii
576 1082 753 1165 affectum,
777 1080 837 1151 alii
862 1079 1045 1151 studium·
1069 1074 1373 1168 interpretantur)

229 1199 301 1294 legi
328 1199 397 1271 Dei
423 1224 494 1272 non
516 1199 732 1292 subjiciatur.
784 1197 833 1268 Et
857 1217 1058 1290 quanquam
1081 1191 1212 1264 renatis
1237 1197 1274 1261 et
1299 1210 1375 1259 cre·

231 1316 396 1388 dentibus
412 1313 511 1388 nulla
526 1323 671 1409 propter
688 1314 870 1386 Christum
887 1321 942 1384 est
962 1307 1220 1391 condemnatio,
1236 1305 1375 1400 peccati

230 1434 415 1504 tamenin
440 1455 516 1506 sese
540 1433 714 1504 rationem
739 1430 871 1502 habere
890 1425 1221 1522 concupiscentiam,
1242 1422 1376 1494 fatetur
1385 1438 1422 1478 10

231 1548 438 1642 Apostolus.

629 1727 686 1803 Dc
702 1725 808 1801 libero
825 1727 982 1800 arbitrio.

282 1871 337 1944 Ea
365 1880 421 1944 est
453 1871 606 1944 hominis
634 1880 716 1966 post
744 1872 882 1968 lapsum
911 1868 1003 1941 Adae
1029 1867 1195 1950 conditio,
1224 1874 1267 1938 ut
1299 1885 1377 1937 sese

231 1987 451 2060 naturalibus
475 1990 546 2060 suis
571 1990 714 2074 viribus,
740 1997 778 2061 et
804 1987 906 2060 bonis
934 1987 1108 2082 operibus,
1133 1985 1179 2056 ad
1203 1984 1311 2056 fidem
1338 1991 1377 2053 et

232 2106 493 2178 invocationem
524 2105 593 2176 Dei
620 2115 835 2190 convertere,
865 2129 907 2176 ac
933 2125 1126 2199 praeparare
1155 2099 1420 2193 nonpossit.15

234 2221 353 2306 Quare
370 2223 502 2316 absque
518 2223 632 2318 gratia
649 2221 729 2307 Dei,
747 2244 824 2315 quae
845 2243 908 2316 per
924 2220 1105 2293 Christum
1122 2225 1186 2302 est,
1203 2239 1268 2288 nos
1290 2239 1377 2310 prae·

233 2339 409 2422 veniente,
440 2347 483 2410 ut
511 2337 671 2421 velimus,
699 2347 737 2409 et
763 2345 986 2432 cooperante,
1016 2337 1102 2408 duur
1131 2333 1304 2418 volumus,
1331 2331 1377 2403 ad

274 2528 336 2586 The
357 2529 451 2587 clause
466 2529 596 2587 “Habet
619 2528 748 2588 Ecclesia
768 2530 839 2590 ritus
861 2531 934 2605 [sive
947 2527 1143 2602 ceremonias]
1160 2524 1302 2586 statuendi
1318 2526 1376 2601 jus,

316 2634 346 2685 et
365 2627 396 2685 in
416 2627 483 2684 fidei
506 2627 706 2685 controversiis
727 2627 945 2687 auctoritatem”
967 2645 1086 2705 appears
1107 2625 1138 2683 in
1158 2623 1209 2682 the
1230 2621 1378 2698 following

316 2724 453 2800 copies-
1388 2731 1423 2772 ²⁰

275 2822 362 2882 Anno
379 2821 466 2898 1563.
488 2821 523 2878 R.
536 2821 643 2880 Wolfe.
846 2823 911 2882 Lat.
952 2821 1037 2880 Bodl.

379 2933 466 2996 1571.
487 2918 584 2994 Jugge
598 2919 655 2976 and
669 2918 804 2979 Cawood.
845 2921 932 2998 Engl.
954 2920 1038 2978 Bodl.

382 3017 467 3093 1581.
489 3016 559 3074 Chr.
573 3017 691 3075 Barker.
844 3018 931 3094 Engl
953 3017 1038 3076 Bodl.

382 3111 467 3190 1586.
490 3112 560 3171 Chr.
575 3113 694 3172 Bar-ker.
844 3113 930 3190 Eugl.
953 3113 1037 3172 Bodl.
1555 3127 1556 3188 j

380 3229 468 3287 1593.
489 3211 563 3287 Dap.
579 3211 612 3268 of
622 3211 693 3270 Chr.
708 3212 827 3270 Barker.
846 3213 932 3288 Engl.
954 3211 1038 3271 Bodl.
1390 3219 1425 3279 25
1555 3197 1556 3222 l

382 3308 469 3366 1612.
492 3308 527 3365 R.
542 3308 660 3367 Barker.
845 3308 932 3386 Engl.
955 3309 1038 3368 Bodl.
1555 3311 1556 3326 ²

382 3406 467 3477 1624.
488 3405 605 3464 Norton
618 3405 675 3464 and
688 3405 753 3463 Bill.
845 3405 931 3482 Engl.
954 3406 1037 3465 Bodl.

382 3503 468 3562 1628.
490 3503 607 3562 Norton
620 3503 757 3564 andBill.
848 3504 936 3582 Engl.
958 3504 1042 3562 Bodl.
1064 3503 1134 3562 with
1156 3503 1228 3579 king
1252 3500 1381 3560 Charles'

1109 3600 1299 3658 Declaratiou.

277 3697 339 3756 The
353 3696 447 3754 clause
466 3715 584 3774 appears
597 3697 759 3773 constantly
772 3697 802 3756 in
815 3697 852 3756 all
870 3699 1043 3773 subsequent
1061 3697 1193 3765 editions,
1207 3717 1239 3756 as
1255 3698 1286 3755 in
1298 3697 1427 3765 thoroso

320 3795 353 3852 ol
375 3795 461 3871 1629,
491 3794 576 3870 1630,
605 3795 692 3870 1631,
715 3795 771 3852 and
800 3794 898 3852 others
921 3795 1015 3852 which
1035 3815 1102 3873 may
1126 3797 1162 3854 be
1186 3815 1253 3854 seen
1277 3797 1308 3854 in
1331 3795 1382 3854 the

318 3892 472 3959 Bodleian;
498 3892 555 3949 aud
576 3909 647 3949 even
669 3891 699 3948 in
717 3910 754 3948 an
768 3891 875 3950 edition
893 3891 926 3950 oi
946 3893 1020 3967 1642
1043 3893 1163 3970 bearing
1180 3893 1239 3952 this
1254 3893 1381 3970 imprint,

322 3999 340 4024 “
355 3991 473 4048 Printed
485 3989 530 4048 ior
547 3991 598 4047 the
615 3990 722 4047 benefit
735 3990 767 4048 of
786 3991 836 4048 the
850 3991 1125 4057 Commouwealth‚''
1138 3992 1232 4050 which
1249 3993 1383 4050 however

321 4107 379 4146 was
400 4087 537 4165 probably
556 4095 608 4162 put
628 4086 706 4144 forth
726 4086 764 4163 by
786 4106 803 4144 a
824 4085 951 4162 royalist.
992 4087 1054 4145 The
1074 4089 1169 4145 words
1188 4097 1206 4120 ‘⁴
1218 4089 1278 4146 sive
1295 4107 1381 4146 crare-

321 4185 450 4244 monias’'
465 4205 513 4244 are
527 4185 654 4260 wanting
667 4185 697 4241 iu
711 4185 832 4243 Wolle’s
846 4186 1014 4262 impression
1028 4187 1061 4244 ol
1075 4187 1162 4263 1563,
1174 4187 1226 4245 but
1239 4187 1289 4246 the
1303 4187 1380 4263 equi-
1391 4201 1428 4260 35

322 4285 418 4343 valent
432 4284 553 4361 English
566 4283 730 4358 expression
744 4285 769 4341 is
782 4284 811 4341 in
826 4283 863 4342 all
876 4284 926 4341 the
940 4283 1023 4342 other
1036 4285 1132 4362 copies
1145 4286 1259 4345 notiaed
1272 4286 1372 4344 above.

445 4473 456 4500 ¹
471 4475 490 4500 “
500 4464 621 4522 Carnis”
636 4465 661 4522 is
675 4465 766 4523 added
780 4465 819 4541 by
832 4464 881 4524 the
894 4483 949 4541 pen
965 4483 1034 4524 over
1046 4465 1096 4524 the
1109 4464 1175 4524 line.
