3140 4972
199 221 307 316 16o4.]
429 229 645 295 commem
660 228 729 292 and
745 229 867 293 Canens
880 230 1121 296 nominarat.
1275 227 1340 300 199

195 429 262 501 per
278 383 492 478 ordinarium
508 429 621 490 suum,
638 405 745 475 modo
767 404 881 477 adulti
898 408 978 491 sint,
995 407 1220 502 suspensione
1242 405 1338 500 plec-

197 530 338 606 tantur3
378 529 417 594 et
446 522 568 615 siper
600 543 759 595 mensem
789 523 839 593 sia
871 525 1100 617 perstiterint,
1133 545 1338 596 excommu-

196 639 371 710 nitentur.

197 935 279 1009 LX.
324 898 607 1034 Confirmationis
635 937 820 1013 solennitas
845 941 884 1011 in
914 939 1078 1013 triennali
1103 941 1336 1037 φὶεοορωτινη

553 1053 975 1138 υιὲςίἰαίίοηεωίεόναπᾶα.
1344 1069 1362 1126 5

247 1221 341 1294 Cum
368 1223 532 1308 solennis,
561 1225 716 1316 antiqua,
742 1233 779 1295 et
809 1222 993 1296 laudabilis
1022 1225 1060 1296 in
1088 1223 1237 1296 ecclesia
1266 1221 1336 1294 Dei

195 1341 413 1412 consuetudo
429 1341 547 1423 fuerit,
565 1340 610 1411 ab
630 1341 714 1434 ipsis
730 1362 841 1432 usque
864 1339 1102 1433 apostolomm
1118 1340 1337 1433 temporibus

195 1457 389 1542 observate,
414 1466 457 1526 ut
483 1457 637 1550 episcopi
666 1456 795 1549 quique
824 1457 977 1550 parvulis
1003 1457 1200 1550 baptizatis,
1229 1464 1267 1526 et
1298 1457 1337 1526 in

194 1573 410 1645 catechismo
440 1573 636 1644 christiana
664 1571 842 1666 religionis
871 1572 1051 1644 instructis
1075 1594 1200 1643 manus
1224 1572 1337 1665 impo-

195 1695 331 1772 nentes,
358 1711 463 1782 super
487 1688 557 1760 illis
583 1698 723 1760 orarent
749 1712 791 1759 ac
816 1688 1076 1772 benedicerent,
1103 1689 1199 1781 quod
1227 1687 1379 1782 vulgare

195 1805 415 1876 confirmatio
432 1807 652 1892 nominatur;
678 1827 830 1897 cumque
853 1804 889 1874 in
908 1803 1069 1875 triennali
1092 1805 1336 1897 episcoporum

194 1921 396 1992 visitatione
412 1943 489 1992 mos
514 1922 723 1993 sanctissimi
746 1922 846 1993 istius
873 1923 987 2016 operis
1008 1921 1199 2016 peragendi
1218 1920 1256 1989 in
1278 1941 1336 1989 ec·

195 2036 301 2109 alesia
326 2061 390 2132 per
416 2037 546 2109 multas
576 2047 702 2110 aetates
732 2039 947 2122 obtinuerit3
986 2035 1147 2107 volumus
1176 2042 1214 2106 et
1243 2033 1336 2104 ordi-

193 2174 331 2234 namus,
359 2159 401 2222 ut
435 2151 587 2244 quilibet
621 2155 805 2248 episcopus
837 2153 893 2224 vel
925 2155 1000 2245 ejus
1034 2151 1270 2246 suffraganeus
1296 2150 1334 2219 in

194 2277 364 2338 consuete
380 2268 581 2340 visitatione
598 2292 661 2340 sua
677 2292 813 2342 morem
829 2279 867 2343 et
893 2271 1001 2342 ritum
1018 2267 1119 2344 illum
1142 2269 1179 2337 in
1195 2266 1377 2360 propria15

192 2405 342 2476 persona
367 2383 554 2479 diligenter
578 2387 761 2472 observet3
792 2387 916 2479 quodsi
941 2385 1046 2455 tertio
1072 2383 1216 2454 demum
1240 2403 1333 2451 anno

194 2498 313 2590 aliqua
338 2499 543 2571 infirmitate
568 2503 759 2596 impeditus
783 2504 1019 2574 visitationem
1046 2521 1145 2569 suam
1171 2520 1335 2591 persona·

195 2614 277 2686 liter
298 2616 396 2688 obire
412 2625 576 2709 nequeat,
593 2627 631 2690 at
648 2619 776 2690 saltem
798 2618 886 2689 illud
908 2613 1181 2688 confirmationis
1205 2632 1334 2682 munus

193 2731 256 2805 illo
281 2734 443 2826 proximo
472 2757 575 2816 anno,
605 2743 711 2828 prout
734 2736 919 2808 commode
941 2731 1084 2826 poterit,
1111 2749 1333 2823 nequaquam

194 2850 347 2922 omittet.
1343 2870 1378 2912 ro

195 3161 297 3237 LXI.
337 3161 578 3240 Ueientonem
607 3167 762 3262 episcopo
787 3163 943 3236 visitanti
967 3185 1034 3258 per
1062 3159 1259 3232 ministrnm
1287 3157 1338 3230 ed

533 3281 823 3376 confirmatiorem
839 3279 992 3352 sistendi.

245 3447 495 3542 Unusquisque
523 3449 684 3521 minister
713 3471 834 3520 euram
862 3447 997 3518 habens
1026 3446 1233 3529 animarum,
1261 3468 1332 3537 quo

194 3565 322 3636 melius
351 3567 514 3638 instituta
539 3575 576 3638 et
601 3567 689 3635 ritus
719 3565 764 3636 ad
792 3563 1094 3635 confirmationem
1122 3570 1331 3656 spectantes,

193 3681 308 3772 quiin
332 3680 420 3752 libro
443 3682 595 3776 publicae
617 3680 769 3775 liturgia
791 3680 982 3774 praescripti
1004 3679 1190 3762 habentur,
1212 3678 1332 3748 debite
1342 3709 1376 3766 ²5

192 3796 326 3888 possint
351 3799 556 3881 conservari,
582 3796 771 3891 diligenter
795 3796 1003 3890 providebit,
1030 3819 1075 3866 ne
1098 3793 1164 3865 ulli
1188 3795 1233 3865 ad
1258 3817 1333 3865 ma-

192 3933 304 3982 nuum
326 3913 586 4006 impositionem
604 3914 768 4006 episcopo
791 3912 968 3995 sistantur,
985 3913 1051 3982 nisi
1069 3912 1129 4002 qui
1151 3909 1234 3980 fidei
1257 3932 1336 3982 suae

192 4029 365 4100 rationem
381 4031 499 4100 norint
516 4030 672 4112 reddere,
684 4030 793 4120 juxta
809 4027 1062 4099 catechismum
1081 4029 1117 4098 in
1136 4027 1225 4098 libro
1243 4049 1333 4119 prae-

159 4185 164 4198 ·
193 4145 289 4215 dioto
319 4155 537 4218 contentum.
588 4146 751 4237 Cumque
778 4146 961 4237 episcopus
989 4143 1072 4214 huic
1100 4143 1214 4214 officio
1240 4141 1336 4213 celc-

191 4259 326 4330 brando
343 4270 484 4354 tempus
506 4260 647 4352 aliquod
667 4270 806 4332 eertum
828 4261 1030 4354 praefixerit,
1048 4261 1208 4330 minister
1229 4260 1375 4352 sedu-30

191 4376 263 4448 lem
278 4376 375 4448 dabit
390 4399 543 4471 operam,
555 4387 597 4448 ut
609 4399 716 4470 quam
728 4387 836 4470 queat
848 4376 1016 4470 plurimos
1028 4377 1072 4446 ad
1089 4375 1156 4447 hoc
1169 4376 1331 4448 instruat,

192 4513 234 4562 ac
250 4491 395 4562 inducat
412 4513 529 4563 coram
546 4493 710 4587 episcopo
726 4493 982 4566 confirmandos
998 4513 1211 4584 comparere.
1336 4515 1341 4526 ²
