3140 4972
241 176 308 240 224
467 176 685 244 Oomfibrtrbna
699 179 767 246 aad
783 181 905 246 macc
920 175 1162 246 Eccleewetr'cal.
1325 175 1384 262 [V.

242 350 375 444 absque
404 351 528 425 bannis
557 353 777 439 celebrando,
801 355 913 447 judici
939 354 1115 426 constabit
1144 354 1190 425 de
1218 373 1384 446 expresso

243 491 416 540 consensu
438 479 635 563 parentum,
661 470 715 542 vel
741 471 905 563 parentis,
925 493 1049 542 eorum
1070 469 1182 542 altero
1203 469 1384 552 destructo,

242 593 307 656 aut
337 593 496 657 tutorum
523 584 581 656 rel
611 586 749 670 tutoris,
778 609 842 680 per
863 587 1107 679 juramentum
1135 587 1285 658 duorum
1313 585 1385 656 fide

243 702 431 797 dignorum
455 703 613 785 testium,
639 725 788 796 quorum
813 725 904 774 unus
925 701 983 774 vel
1001 704 1114 796 judici
1139 704 1216 796 ipsi,
1242 701 1299 773 vel
1323 700 1384 772 alii

243 819 396 913 cuipiam
429 818 531 890 bona
568 817 838 890 existimationis
872 826 950 889 tum
983 821 1158 913 praesenti,
1191 842 1233 890 ac
1267 819 1409 891 eidem5

243 937 353 1006 etiam
369 934 483 1029 judici
500 936 652 1030 cognito,
670 959 732 1028 pro
749 934 813 1005 tali
835 936 1043 1008 innotescet.
1095 936 1144 1008 Et
1166 935 1325 1018 ulterius,
1341 942 1384 1005 ut

243 1050 333 1123 alter
350 1051 634 1123 contrahentium
652 1051 895 1144 juramentum
918 1054 1052 1135 subeat,
1070 1073 1109 1122 se
1131 1052 1284 1134 credere,
1304 1049 1384 1121 nul-

243 1167 319 1238 lum
335 1165 534 1261 legitimum
547 1168 841 1261 impedimentum
852 1169 988 1238 ratione
1004 1175 1288 1261 praecontractus,
1301 1189 1384 1239 con·

243 1283 498 1378 sanguinitatis,
524 1283 712 1367 affinitatis,
741 1281 799 1354 vel
828 1281 972 1355 alterius
1002 1305 1114 1354 causae
1143 1284 1383 1375 cujuscunque

244 1401 289 1470 de
309 1400 391 1492 jure
416 1399 601 1493 prohibita
627 1401 775 1483 obstare,
800 1399 1006 1493 nullamque
1029 1398 1131 1470 litem
1156 1408 1219 1470 aut
1244 1408 1384 1470 contro-
1394 1421 1425 1461 10

243 1519 392 1588 versiam
409 1517 446 1587 in
463 1517 539 1588 foro
556 1517 673 1611 aliquo
687 1517 932 1600 ecclesiastico,
945 1525 1081 1588 motam
1097 1539 1182 1600 esse,
1196 1516 1383 1608 quominus

243 1634 380 1705 dictum
404 1635 679 1718 matrimonium,
700 1634 807 1726 juxta
827 1638 988 1706 tenorem
1010 1634 1169 1726 ejusdem
1194 1631 1382 1716 scammis,

243 1750 289 1821 ad
306 1749 474 1821 effectum
490 1749 669 1844 procedat.

295 1948 397 2021 cIV.
452 1945 647 2022 Peccatum
690 1971 871 2022 conserere
909 1945 1024 2022 mdais
1060 1945 1334 2022 contrahentibus

728 2090 903 2138 remesses.
1394 2085 1425 2144 15

293 2214 428 2301 Quodsi
450 2224 600 2308 uterque
617 2216 901 2288 contrahentium
918 2217 956 2287 in
975 2216 1148 2287 viduitate
1169 2217 1382 2287 constitutus

242 2355 306 2426 pro
323 2333 446 2403 bannis
467 2333 673 2404 omittendis
696 2335 992 2426 dispensationem
1014 2333 1168 2429 petierit,
1186 2341 1272 2405 tunc
1289 2332 1384 2403 clau-

241 2449 356 2521 sulam
381 2451 594 2544 praedictam,
619 2473 683 2545 per
707 2475 814 2544 quam
839 2462 1026 2545 parentum
1050 2472 1239 2522 consensus
1268 2450 1383 2542 requi-

242 2568 344 2650 ritur,
361 2565 482 2638 licebit
499 2569 730 2661 praetermitti,
748 2571 800 2640 ita
815 2577 935 2639 tamen
948 2575 989 2637 ut
1005 2566 1188 2660 parochiae,
1201 2566 1238 2635 in
1255 2566 1382 2659 quibus

243 2692 393 2776 utraque
419 2706 499 2776 pars
522 2693 768 2769 commoratur,
789 2687 826 2756 in
849 2685 1107 2778 dispensatione
1130 2684 1426 2777 exprimantur‚20

242 2806 352 2890 atque
378 2797 439 2869 illa
464 2799 630 2891 parochia
656 2803 864 2873 nominatim
890 2802 1102 2895 designetur,
1128 2801 1167 2870 in
1193 2823 1264 2892 qua
1292 2800 1384 2893 ejus-

243 2914 339 2984 modi
356 2915 621 2986 matrimonium
642 2917 688 2988 sit
708 2925 832 3011 postea
853 2917 1112 2989 celebrandum.
1165 2915 1282 3009 Siquis
1299 2939 1382 2986 vero

243 3031 501 3102 commissarius
525 3032 572 3102 ad
598 3031 794 3118 facultates,
820 3035 885 3104 vic.
910 3032 1092 3128 generalis,
1118 3041 1181 3103 aut
1206 3033 1383 3104 dictorum

243 3145 496 3218 ordinariorum
525 3147 651 3240 aliquis
675 3150 712 3220 in
738 3149 932 3243 premissis,
959 3158 1021 3219 aut
1046 3147 1205 3241 quolibet
1229 3148 1383 3241 praemis-

243 3283 361 3332 sorum
395 3262 593 3356 deliquerit,
626 3265 656 3335 is
689 3288 752 3358 pro
786 3264 931 3359 singulis
961 3264 1133 3356 ejusmodi
1166 3262 1315 3348 delictis
1337 3262 1383 3334 ab
1391 3285 1426 3344 ²5

244 3379 454 3450 executione
471 3380 577 3450 officii
597 3381 650 3452 sui
670 3404 734 3475 per
755 3383 908 3474 spatium
931 3389 1100 3453 semestre
1123 3380 1382 3462 submoveatur,

243 3503 282 3566 et
306 3495 450 3568 licentia
470 3497 543 3568 sive
568 3497 788 3592 indulgentia
814 3495 1015 3589 hujusmodi
1041 3497 1172 3568 viribus
1198 3517 1319 3579 vacua,
1345 3503 1383 3565 et

244 3635 308 3707 pro
321 3611 420 3684 nulla
430 3614 476 3684 ad
489 3635 631 3685 omnem
642 3614 732 3707 juris
746 3613 912 3685 effectum
928 3612 1126 3696 habebitur,
1139 3635 1181 3684 ac
1194 3613 1223 3683 si
1238 3612 1382 3682 omnino

243 3751 316 3800 non
333 3729 456 3800 fuisset
472 3752 656 3814 concessa;
681 3738 868 3825 partesque
885 3729 1042 3823 ejusdem
1058 3728 1191 3799 virtute
1207 3727 1245 3798 in
1261 3727 1383 3798 matri-

241 3845 362 3917 monio
384 3847 581 3940 conjuncta
602 3847 715 3941 poenis
734 3847 804 3919 illis
827 3845 1066 3942 subjacebunt,
1084 3869 1162 3939 quae
1183 3846 1222 3917 in
1240 3846 1426 3940 nuptiasao

242 3960 477 4034 clandestinae
494 3971 577 4035 sunt
593 3965 805 4037 constitute.

242 4159 323 4235 CV.
364 4159 441 4233 Pro
457 4160 614 4261 coafiqio
630 4161 825 4236 dirimendo
840 4161 935 4235 auda
951 4162 1107 4258 partium
1129 4159 1296 4259 consessio
1312 4185 1382 4234 noa

716 4277 898 4352 audiendo.

292 4425 470 4512 Quoniam
492 4429 768 4504 matrimoniales
790 4453 902 4504 causa
925 4428 1020 4502 inter
1042 4427 1220 4524 graviores
1243 4450 1383 4524 semper
