3118 4968
179 223 286 309 ¹571·]
411 223 1082 292 mmmmm
1253 219 1317 284 11⁵

172 397 275 468 dabit
304 397 403 486 (sunt
431 401 529 471 enim
557 411 597 470 et
620 423 645 472 a
669 400 772 472 honis
799 400 967 483 moribus,
1000 410 1040 472 et
1071 422 1095 471 a
1126 397 1317 469 christiana

172 513 348 585 charitate
363 515 501 608 alierum)
519 539 586 586 nec
602 517 823 589 dimisiones
841 517 1033 600 fructuum,
1050 524 1113 588 aut
1135 515 1315 588 redituum

172 633 416 725 cujuscunque
429 635 596 716 rectori-r,
608 644 672 705 aut
687 635 914 706 ecclesiastmi
931 634 1094 706 beneficii
1106 653 1316 726 quacunque

172 749 312 818 ratione
328 749 367 818 in
382 747 553 842 plurimos
568 773 679 821 annos
695 751 928 822 confirmabit.

225 863 421 958 Episcopus
440 855 639 948 neminem,
666 867 728 958 qui
756 889 795 936 se
824 867 939 938 otioso
968 867 1112 937 nomine
1144 865 1341 938 lectorems

173 990 290 1064 vocet,
305 991 345 1051 et
364 1005 490 1052 manus
514 983 775 1075 impositionem
802 1004 874 1053 non
896 983 1082 1076 acceperit,
1099 982 1137 1052 in
1159 980 1316 1054 ecclesia·

174 1099 371 1169 ministerio
388 1099 517 1170 versari
534 1099 700 1192 patietur.

224 1213 352 1299 Quivis
375 1214 657 1308 archiepiscopus
681 1223 720 1285 et
744 1216 930 1308 episcopus
953 1214 1101 1286 habebit
1125 1215 1222 1285 domi
1244 1237 1316 1286 suae

173 1353 273 1402 mera
287 1329 407 1401 Biblis
428 1330 467 1401 in
485 1330 702 1424 amplissimo
718 1330 909 1414 volumine,
926 1332 980 1402 uti
1002 1333 1204 1424 nuperrime
1222 1329 1317 1401 Lon·

173 1447 248 1517 dini
269 1471 402 1519 excom
425 1457 520 1532 sunt,
537 1457 576 1518 et
600 1447 743 1541 plenam
768 1447 867 1518 illam
889 1446 1082 1530 historiam,
1099 1471 1177 1540 qua
1197 1449 1359 1518 inseri-¹0

173 1563 271 1634 bitur
293 1574 314 1605 “
327 1563 568 1636 hlonnmenta
582 1565 809 1657 martyrum?
831 1572 870 1634 et
886 1563 974 1634 alios
991 1564 1161 1656 quosdam
1184 1564 1316 1637 similes

174 1678 284 1751 h'hros
298 1680 346 1751 ad
361 1680 569 1774 religionem
585 1681 774 1774 appositos
824 1679 1005 1750 Locentm·
1020 1689 1142 1750 autem
1159 1679 1217 1749 isti
1234 1678 1316 1749 libri

175 1795 232 1866 rel
248 1796 287 1865 in
302 1795 394 1880 aula,
411 1795 469 1866 vel
485 1797 524 1867 in
538 1797 663 1891 grandi
679 1795 871 1878 coenaculo,
888 1805 930 1866 ut
947 1803 985 1866 et
1002 1793 1158 1888 ipsorum
1174 1793 1316 1866 famulis

174 1920 213 1980 et
229 1913 375 1984 advenis
392 1913 471 1984 usui
488 1935 565 1984 esse
581 1911 724 2006 possint.

417 2221 555 2296 Dcoaai
570 2220 788 2294 eochsiumm
806 2219 1065 2296 cathedralium.
1325 2251 1358 2308 ¹5

225 2399 381 2472 Eosdem
409 2400 490 2470 illos
518 2399 635 2480 libros,
662 2423 751 2494 quos
777 2403 938 2495 proxime
964 2401 1129 2484 diximus,
1160 2401 1313 2471 decanus

173 2518 322 2609 quisque
347 2516 485 2588 curabit
510 2516 591 2600 emi,
611 2525 650 2589 et
675 2517 782 2588 locari
808 2520 845 2589 in
867 2519 1016 2591 ecclesia
1038 2542 1101 2590 sua
1120 2514 1313 2590 cathedrali

174 2637 347 2728 ejusmodi
370 2637 406 2706 in
432 2635 581 2717 locant
598 2659 620 2707 a
636 2637 773 2708 vicariis
793 2646 831 2706 et
853 2637 1048 2708 minorihus
1071 2635 1259 2716 canonicis,
1276 2641 1314 2704 et

173 2753 344 2824 ministris
367 2751 534 2835 ecclesia,
555 2761 594 2822 et
613 2753 659 2823 ab
678 2753 834 2836 advenis,
854 2763 892 2825 et
917 2755 1109 2848 peregrinis
1128 2751 1314 2823 commode

174 2869 287 2938 audiri
304 2880 343 2938 et
358 2867 430 2962 legi
447 2868 593 2962 possint
1324 2887 1359 2926 ²0

226 2985 380 3056 Eosdem
403 2984 511 3056 libros
532 2984 612 3056 illos
629 2984 783 3056 decanus
799 2994 838 3057 ct
859 2987 1045 3080 primarius
1062 2985 1209 3079 quisque
1231 2986 1315 3055 resi-

174 3101 377 3184 dentiarius,
395 3123 484 3194 quos
505 3101 686 3194 appellant
708 3101 865 3174 eeclesiae
888 3103 1090 3196 dignitates,
1108 3109 1229 3171 enrent
1251 3123 1314 3171 suo

174 3218 323 3310 quisque
340 3217 526 3301 famulitio,
543 3241 675 3311 eosque
692 3229 891 3312 opportuno
906 3219 1025 3312 aliquo
1042 3221 1079 3289 in
1096 3218 1184 3302 loco,
1204 3216 1259 3286 vel
1278 3217 1313 3286 in

176 3333 268 3416 aula,
285 3333 342 3403 vel
360 3335 397 3403 in
414 3333 596 3404 coenaculo
614 3333 793 3405 lccabunt.

228 3450 395 3520 Decanus
424 3457 462 3520 et
490 3449 720 3544 praehendarii
751 3441 939 3546 diligenter
969 3450 1148 3522 docebunt
1177 3468 1359 3526 sacrum²5

176 3567 246 3638 Dei
275 3565 422 3638 verbum
451 3589 523 3637 non
549 3575 691 3638 tantum
717 3569 754 3638 in
784 3567 942 3640 ecclesiis
969 3567 1228 3639 cathedralibus
1253 3567 1315 3637 ubi

174 3685 314 3767 riumt,
348 3683 410 3754 sod
443 3684 553 3754 etiam
582 3683 619 3754 in
649 3683 727 3756 aliis
753 3684 911 3755 ecclesiis
940 3685 976 3754 in
1006 3685 1130 3756 eadem
1163 3683 1314 3764 dioecesi,

174 3801 331 3872 maxime
356 3821 441 3869 vero
466 3801 503 3869 in
528 3799 598 3870 illis
623 3799 719 3884 locis,
745 3801 840 3871 unde
864 3800 948 3893 ipsis
977 3785 1111 3870 reditus
1135 3800 1252 3880 annui,
1278 3806 1316 3869 et

174 3917 350 4010 stipendia
366 3916 646 4010 suppeditantur.
698 3917 887 4003 Quodnisi
905 3917 1063 3999 fecerint,
1080 3940 1143 4011 pro
1161 3915 1314 4010 episcopi

175 4035 320 4105 arbitrio
337 4034 539 4127 puniantur.
1322 4059 1358 4114 30

226 4149 360 4222 Nullus
387 4173 455 4221 neo
479 4151 644 4236 decanus,
673 4174 740 4222 nec
767 4151 1041 4232 archidiaconus,
1068 4171 1134 4220 nec
1161 4147 1315 4218 residen-

176 4267 308 4351 tiarius,
326 4289 393 4338 nec
414 4267 630 4361 praepositus,
648 4289 715 4338 nec
731 4276 860 4351 custos,
877 4289 944 4337 nec
965 4265 1150 4358 prefectus
1167 4263 1314 4356 alicujus

174 4385 326 4480 collegii,
350 4394 413 4456 aut
439 4384 597 4455 ecolesiae
622 4384 842 4468 cathedralis,
861 4406 927 4454 neo
947 4405 1082 4476 praeses,
1099 4405 1165 4451 nec
1187 4389 1312 4464 rector,

175 4525 241 4574 nec
254 4503 440 4596 quisquam
461 4523 508 4572 ex
524 4499 587 4571 illo
600 4501 731 4584 ordine,
742 4522 953 4593 quocunque
965 4498 1107 4569 nomine
1119 4507 1311 4582 censeatur,

726 4633 739 4676 1
758 4631 776 4682 2
