3140 4972
209 209 273 272 154
447 207 659 272 Comtitctioas
672 205 738 270 aad
752 207 871 270 Cortona
884 202 1115 269 Ecclesioatieal.
1267 200 1346 289 [lv.

210 383 343 453 tionem
370 381 567 475 deliquerit,
598 383 643 452 ab
671 379 881 452 executione
908 378 1011 450 officii
1040 401 1104 472 per
1130 379 1345 472 superiorem

209 522 272 594 per
289 522 352 570 sex
372 501 528 592 integros
552 520 691 569 menses
716 497 972 590 suspendetur;
997 505 1035 567 et
1059 496 1202 567 licentia
1226 495 1346 586 hujus-

209 616 307 686 modi
324 615 456 686 viribus
477 615 621 697 carebit,
639 621 677 685 et
693 637 756 707 pro
774 613 872 685 nulla
889 613 1003 706 quoad
1028 636 1169 706 poenam
1190 613 1346 706 personis

211 734 444 805 clandestinas
457 733 597 826 nuptias
610 729 868 804 celebrantibus
881 732 1130 827 imponendam
1146 731 1345 803 habebitur.

371 1029 428 1103 Dc
444 1031 618 1103 sententiis
636 1029 779 1103 divortii
796 1055 865 1102 oea
882 1028 1184 1127 temeresercadie.
1355 1059 1371 1115 5

262 1200 310 1270 Et
335 1200 417 1291 quia
442 1198 717 1270 matrimoniales
744 1221 857 1270 causae
883 1199 977 1269 inter
995 1200 1144 1291 majores
1165 1199 1347 1291 hueusque

211 1339 349 1409 semper
372 1315 502 1386 habitae
527 1315 692 1398 fuerunt3
722 1316 851 1386 idcirco
877 1338 958 1386 cum
984 1315 1028 1386 de
1052 1315 1284 1386 matrimoniis
1310 1317 1347 1386 in

205 1433 349 1524 judiciis
376 1432 601 1525 disceptatur,
629 1434 765 1502 cautius
790 1433 847 1526 agi
873 1439 1022 1525 oportet,
1048 1433 1241 1524 praesertim
1263 1455 1347 1503 vero

212 1571 295 1618 cunr
328 1549 591 1618 matrimonium
624 1548 662 1617 in
689 1547 837 1619 eeclesia
865 1548 1142 1632 solemnizatum,
1172 1557 1347 1642 praetextu

216 1665 333 1757 aliquo
345 1666 505 1782 separari,
517 1662 573 1735 vel
584 1664 721 1735 nullum
733 1666 953 1757 pronunciari
964 1664 1172 1757 postuletur.
1192 1665 1347 1758 AEquum
1359 1692 1393 1731 ιο

213 1784 321 1877 igitur
338 1784 451 1854 visum
469 1791 535 1865 est,

265 1897 424 1968 Primum
437 1907 478 1968 ut
491 1899 529 1966 in
541 1897 742 1990 hujusmodi
756 1897 985 1969 divortiorum
996 1904 1032 1967 et
1043 1895 1216 1968 nullitatis
1228 1899 1350 1968 matri-

214 2016 323 2085 monii
341 2015 559 2107 processibus
576 2012 769 2085 deliberate
789 2015 1008 2106 procedatur,
1026 2035 1067 2083 ao
1085 2022 1256 2104 quantum
1273 2015 1350 2083 fieri

214 2132 355 2225 poterit,
373 2132 424 2201 rei
441 2133 569 2200 veritas
589 2131 735 2199 testium
753 2129 1037 2222 depositionibus,
1055 2129 1201 2222 aliisque
1226 2130 1351 2223 proba

213 2247 368 2318 tionibus
392 2247 558 2340 legitimis
584 2255 736 2328 eruatur,
760 2269 825 2317 nec
846 2247 1000 2338 partium
1024 2247 1233 2317 confessioni
1258 2250 1393 2340 (quae15

213 2365 251 2434 in
267 2364 322 2434 his
339 2365 451 2434 causis
468 2386 557 2456 saepe
575 2361 683 2433 fallax
700 2365 770 2454 est)
790 2372 925 2432 temere
943 2361 1149 2432 confidatur.

263 2479 355 2548 Tum
382 2489 425 2548 ut
453 2479 557 2549 nullae
586 2478 732 2572 posthac
765 2480 948 2548 sententiae
978 2476 1036 2547 vel
1069 2480 1295 2570 separationis
1329 2505 1350 2552 a

215 2595 317 2665 thoro
347 2604 385 2666 et
404 2619 534 2678 mensa,
561 2595 618 2665 vel
647 2594 819 2665 nullitatis
846 2595 1060 2664 matrimonii
1089 2595 1256 2679 ferantur,
1283 2596 1350 2666 nisi

214 2711 365 2805 publice,
392 2735 432 2782 aa
458 2735 521 2804 pro
545 2711 721 2794 tribunali,
740 2721 778 2780 et
802 2711 845 2780 de
869 2713 1015 2782 scientia
1040 2720 1077 2783 et
1103 2735 1276 2782 consensu
1293 2712 1349 2781 vel

215 2827 474 2920 archiepiscopi,
501 2829 593 2898 iutra
616 2826 831 2921 provinciam
857 2849 967 2909 suam,
985 2827 1041 2896 vel
1068 2828 1233 2920 episcopi,
1259 2829 1396 2899 intraao

214 2945 389 3037 propriam
411 2946 599 3028 dioecesim,
618 2945 741 3015 decani
764 2945 808 3014 de
833 2944 992 3026 arcubus,
1008 2943 1138 3036 judicis
1164 2945 1353 3015 audientiae

216 3059 486 3144 Cantuariensis,
503 3070 566 3132 eut
583 3062 790 3132 vicariomm
815 3059 1042 3156 generalium,
1061 3061 1254 3132 aliorumve
1277 3063 1352 3134 offi-

215 3177 358 3248 cialium
375 3177 628 3271 principalium,
647 3177 713 3260 vel,
732 3180 814 3250 sede
831 3187 989 3261 vacante,
1007 3179 1195 3249 custodum
1212 3180 1353 3273 spiritu-

215 3293 357 3377 alitatis,
370 3303 432 3364 aut
449 3293 596 3365 aliorum
611 3295 872 3378 ordinariomm,
886 3295 1013 3386 quibus
1031 3297 1074 3366 de
1086 3296 1167 3387 jure
1180 3297 1352 3388 competit

215 3412 253 3481 in
278 3411 349 3482 suis
376 3413 570 3503 respective
593 3412 895 3504 jurisdictionibus
920 3435 960 3483 ac
987 3413 1100 3496 curiis,
1126 3421 1233 3505 etque
1259 3414 1397 3496 inter25

216 3551 290 3598 suae
312 3527 565 3618 jurisdictionis
591 3530 749 3600 subditos
779 3539 942 3612 tantum3
980 3530 1116 3614 deiude,
1137 3538 1179 3600 ut
1207 3531 1244 3599 in
1274 3553 1353 3601 sen-

217 3644 346 3726 tentiis,
365 3643 504 3736 quando
529 3645 573 3716 ed
599 3647 854 3738 separationem
875 3645 967 3715 thori
994 3654 1031 3716 et
1055 3668 1185 3716 mensae
1211 3655 1352 3717 tantum

215 3763 498 3854 interponuntur,
528 3764 675 3834 monitio
705 3772 742 3834 et
767 3761 956 3855 prohibitio
982 3763 1054 3847 fiat,
1082 3772 1124 3835 ut
1149 3765 1353 3856 apartibus

216 3879 413 3950 abinvicem
439 3880 630 3973 segregatis
651 3888 746 3952 caste
763 3881 910 3963 vivatur,
933 3904 999 3951 nec
1020 3882 1065 3952 ad
1086 3881 1171 3953 alias
1200 3881 1352 3975 nuptiae,

216 3995 385 4066 alterutro
413 3996 566 4081 vivente,
591 3997 819 4081 convoletur;
856 3981 1008 4089 denique
1035 4023 1105 4090 quo
1134 4009 1352 4092 postremum
1361 4021 1397 4077 30

215 4112 305 4183 illud
323 4114 457 4182 firmius
473 4114 686 4197 observetur,
704 4115 881 4185 sententia
903 4117 1130 4208 separationis
1154 4140 1225 4186 non
1248 4125 1353 4188 antea

216 4229 512 4324 pronunciabitur‚
539 4253 644 4320 quam
670 4233 834 4322 quicum
862 4232 1127 4325 postulaverint,
1151 4235 1352 4304 cautionem

216 4347 467 4438 fidejussoriam
491 4345 722 4417 sufficientem
747 4348 1029 4441 interposuerint,
1047 4373 1085 4420 se
1102 4358 1224 4421 eontra
1240 4352 1353 4420 moni-

217 4464 351 4534 tionem
369 4470 406 4532 et
423 4461 696 4554 prohibitionem
713 4463 801 4532 nihil
819 4465 1075 4536 commissuros.
