3140 4972
212 215 277 281 156
447 218 660 284 Camenam
673 217 739 284 aad
753 217 871 282 Uonone
880 217 1117 284 Ecolaat'oatt’cal.
1281 215 1357 302 [lv.

213 415 313 464 suam
336 402 526 486 peractam,
543 395 696 466 eundem
718 394 920 464 ministrum
943 395 1129 465 certiorem
1151 393 1268 475 faciet,
1293 393 1355 484 qui

213 510 361 579 eandem
379 511 636 582 absolutionem
657 511 788 605 populo
811 510 952 603 publice
969 510 1217 581 denunciabit=
1243 531 1285 579 ac
1302 511 1355 579 iu-

212 627 318 696 terim
348 628 442 719 quod
472 627 562 698 bene
592 627 714 698 licebit
743 626 839 695 dicto
868 626 1039 709 ministm,
1068 648 1169 696 reum
1198 649 1221 696 a
1249 627 1354 697 sacris

212 764 331 812 arcere
362 751 400 812 et
425 743 605 836 repellere,
625 749 797 835 'tanquam
824 743 862 812 in
887 742 1071 813 ecclesiam
1097 743 1244 814 minime
1268 744 1355 813 reci-

212 859 391 952 piendum,
418 860 529 931 donec
556 859 726 952 ejusmodi
752 859 1038 931 certificatorium
1060 859 1105 931 ab
1130 860 1208 954 ipso
1230 861 1378 953 judicet

213 973 424 1046 exhibuerit.

212 1193 269 1269 De
296 1197 529 1269 remeantibus
558 1209 590 1270 et
618 1195 699 1270 aliis
728 1198 1029 1272 cecommunicott's
1058 1197 1194 1294 publice
1223 1197 1353 1270 denuo-

709 1315 855 1386 ciendis.

263 1461 398 1534 Curent
415 1466 578 1536 ordinarii
596 1465 764 1549 locorum,
782 1477 824 1537 ut
841 1475 915 1537 tam
933 1465 1230 1538 excommunicati
1246 1488 1293 1536 ex
1310 1487 1353 1535 eo

212 1580 306 1671 quod
332 1580 459 1651 divinis
478 1581 641 1674 precibus
665 1582 758 1653 intra
782 1583 850 1654 hoc
874 1606 1023 1677 reguum
1046 1581 1187 1677 Angliae
1212 1582 1398 1676 publica10

211 1698 423 1768 auctoritate
453 1697 617 1768 stabilitis
647 1699 815 1770 iuteresse
850 1699 1078 1793 pertinaciter
1105 1699 1353 1782 recusaverint,

212 1836 318 1904 quam
348 1815 374 1884 ii
401 1814 519 1898 etiam,
546 1815 607 1906 qui
637 1824 779 1908 propter
794 1816 909 1888 ‘aliam
938 1837 1185 1908 quamcunque
1212 1837 1354 1885 causam

211 1928 408 2024 legitimam
432 1932 807 2026 excommunicationis
830 1933 1006 2003 sententia
1027 1930 1186 2002 innodati
1210 1930 1353 2015 fuerint,

210 2046 277 2115 nisi
294 2047 387 2117 intra
411 2057 483 2118 tres
508 2049 693 2120 continuos
716 2072 855 2120 menses
871 2056 955 2141 post
979 2047 1088 2119 latam
1112 2045 1354 2118 excommuni-

211 2162 359 2232 cationis
376 2165 588 2234 sententiam
602 2188 640 2236 se
653 2165 928 2248 emendaverint,
943 2173 981 2235 et
997 2163 1228 2235 absolutionis
1245 2163 1396 2241 bene-15

211 2279 330 2350 ficium
353 2281 582 2366 obtinuerint,
601 2281 746 2376 singulis
769 2304 831 2352 sex
852 2282 1031 2353 mensibus
1055 2282 1291 2374 sequentibus,
1315 2283 1353 2351 in

210 2393 358 2466 ecclesia
383 2419 464 2466 oum
490 2398 689 2490 parochiali,
715 2405 794 2468 tum
821 2398 929 2468 etiam
956 2397 1148 2468 cathedrali
1180 2397 1349 2479 dioecesis,

209 2511 246 2580 in
278 2535 347 2602 qua
377 2511 548 2597 habitant,
567 2536 641 2607 pro
672 2513 985 2584 excommunicatis
1012 2514 1153 2606 publice
1183 2513 1351 2583 denunci-

210 2636 325 2699 eutur.
377 2629 579 2700 Teneantur
601 2632 709 2702 etiem
734 2631 898 2701 ordinarii
918 2630 1076 2722 praedioti
1100 2631 1143 2700 de
1166 2630 1350 2724 praemissis

210 2745 372 2816 omnibus
407 2756 444 2816 et
483 2747 629 2841 singulis
669 2747 829 2841 quolibet
863 2771 955 2818 anno
988 2747 1081 2816 intra
1114 2747 1205 2817 festa
1237 2747 1349 2817 sancti
1359 2764 1395 2802 20

210 2859 399 2932 Michaelis
424 2871 462 2932 et
488 2863 614 2934 natalis
640 2864 795 2946 Domini,
820 2863 1120 2956 arehiepiscopum
1142 2863 1247 2955 hujus
1271 2885 1350 2956 pro-

210 2978 331 3048 vinciae
349 2979 385 3048 in
403 2980 540 3072 seriptis
559 2981 746 3052 certiorem
763 2981 888 3052 facere.

297 3276 355 3348 De
372 3278 581 3352 moderanda
598 3279 746 3353 solennis
757 3276 972 3376 poenitentia
988 3279 1257 3350 commutatione.

260 3428 390 3521 Neque
419 3431 482 3500 fiat
511 3431 657 3524 posthac
687 3431 839 3502 solennis
864 3429 1080 3524 poenitentiae
1105 3429 1347 3510 commutatis,

209 3545 275 3615 nisi
299 3546 484 3618 rarioribus
506 3549 791 3640 gravioribusque
809 3547 854 3617 de
877 3547 1000 3630 causis,
1025 3554 1132 3637 atque
1155 3545 1243 3614 adeo
1266 3561 1392 3618 cum25

209 3661 275 3753 ipsi
292 3661 455 3754 episcopo
468 3666 674 3747 constiterit,
688 3687 767 3734 eam
781 3687 856 3734 esse
873 3663 918 3734 ed
935 3685 1035 3733 reum
1050 3659 1348 3732 reconciliandum

209 3785 246 3846 et
264 3777 523 3849 reformandum
541 3783 712 3852 saniorem
730 3790 767 3852 et
784 3783 952 3852 tutiorem
970 3781 1153 3850 rationem.

259 3891 398 3964 Deinde
424 3897 517 3987 quod
542 3896 676 3967 mulcta
700 3897 762 3968 illa
785 3897 987 3990 pecuniaria
1009 3895 1065 3964 vel
1088 3895 1126 3964 in
1148 3891 1348 3963 relevamen

207 4033 401 4102 pauperum
424 4012 582 4104 ejusdem
604 4013 785 4105 parochiae,
810 4012 866 4084 vel
890 4014 927 4082 iu
952 4012 1039 4084 alios
1061 4013 1138 4104 pios
1163 4033 1247 4080 usus
1272 4031 1348 4079 ero-

207 4133 323 4219 getur,
340 4127 447 4218 idque
464 4129 619 4199 ecclesiae
636 4130 827 4200 solenniter
843 4138 881 4200 et
902 4128 1056 4200 fideliter
1078 4126 1293 4221 approbetur
1310 4134 1347 4195 et
1355 4149 1391 4203 30

207 4245 414 4314 innotescat.
758 4257 760 4265 ’

258 4357 393 4442 Quodsi
412 4383 493 4430 vero
515 4363 647 4433 crimen
666 4363 772 4433 fuerit
794 4361 971 4432 notorium
994 4385 1036 4432 ae
1058 4358 1250 4454 publicum,
1267 4383 1347 4430 reus

208 4476 283 4568 ipse
299 4474 356 4545 vel
380 4476 417 4545 in
440 4477 580 4569 propria
601 4501 665 4550 sua
686 4501 834 4572 persona
849 4477 991 4572 publice
1014 4479 1050 4548 iu
1068 4475 1217 4548 ecclesia
1235 4479 1347 4570 poeni·
