3140 4972
220 207 285 270 ara
440 207 658 272 amasam
672 205 741 272 aas
757 207 879 271 cam
894 205 1140 272 amares
1305 199 1364 287 [r.

316 479 541 553 LXXXIII.
579 479 726 576 Pulcito
742 480 866 554 idonea
883 483 922 552 ic
938 479 1087 554 ecclesiis
1097 477 1271 577 paranda.

276 625 514 698 Ecclesiamm
531 629 715 712 oecouomi,
732 637 770 702 et
786 630 1011 724 inquisitores
1027 630 1066 699 in
1082 629 1154 700 suis
1170 625 1367 719 respective

225 741 381 814 ecclesiis
410 743 588 837 pulpitum
614 745 825 817 conveniens
854 755 892 818 et
921 747 1089 817 decorum
1121 741 1368 815 communibus

225 859 517 954 parochianorum
544 860 711 953 impensis
737 861 813 932 fieri
842 861 1088 955 providebunt,
1116 857 1211 954 quod
1241 859 1279 928 in
1308 879 1367 927 ec

227 976 341 1048 clesioe
358 975 436 1047 loco
458 977 586 1047 idoneo
602 1000 666 1070 pro
689 975 862 1048 arbitratu
885 977 1105 1061 ordinarii,si
1128 975 1214 1068 quid
1234 973 1393 1067 ambigi5
1494 1065 1498 1072 .

228 1094 273 1165 de
297 1117 341 1164 eo
371 1094 572 1189 contigerit,
597 1095 843 1178 constituetur,
872 1096 910 1165 in
937 1094 1046 1165 divini
1076 1093 1174 1164 verbi
1203 1090 1369 1185 praedica

227 1211 362 1283 tionem
380 1211 547 1283 decenter
562 1212 696 1284 ibidem
712 1212 973 1284 asservandum.

230 1409 453 1482 LXXXIV.
486 1408 593 1485 Oistoe
605 1411 653 1483 ad
668 1408 954 1508 elcemosynarum
968 1407 1156 1482 melodium
1168 1408 1208 1479 iu
1219 1403 1369 1479 redenis

675 1527 925 1623 comparcudoe.

279 1673 519 1747 Ecclesiamm
535 1677 722 1760 oeconomi,
739 1699 781 1748 ac
797 1679 1020 1772 inquisitores
1036 1676 1128 1746 infra
1142 1682 1215 1744 tres
1231 1691 1415 1742 menscs10

229 1799 310 1884 post
336 1793 462 1864 harum
491 1793 784 1865 constitutionum
812 1793 1142 1888 promulgationem,
1171 1786 1371 1881 sumptibus

229 1908 520 2000 pamchianorum
543 1911 807 2002 comparabunt,
825 1910 892 1980 nisi
908 1909 1024 1980 forsan
1038 1908 1115 2001 jam
1132 1913 1370 1998 comparatam

230 2025 396 2109 habeant,
415 2026 539 2097 cistam
556 2025 709 2096 validam
725 2033 764 2096 et
780 2025 918 2096 firmam
931 2047 1013 2095 cum
1025 2023 1148 2094 fissura
1159 2023 1196 2092 in
1209 2043 1372 2114 suprema

231 2149 332 2235 parte
356 2141 525 2235 ejusdem,
542 2151 580 2214 et
602 2141 716 2214 tribus
737 2141 903 2225 clavibus,
921 2161 1070 2234 quarum
1086 2162 1158 2210 una
1180 2161 1202 2209 a
1223 2145 1371 2221 rectore,

232 2259 370 2341 vicano,
388 2257 446 2329 vel
462 2267 595 2344 curato,
613 2259 755 2352 reliquoe
768 2259 846 2329 duae
862 2259 907 2330 ab
925 2256 1115 2330 oeconomis
1131 2277 1195 2349 pro
1211 2263 1416 2346 tempore15

231 2375 469 2446 existentibus
498 2375 685 2467 separatim
716 2375 968 2446 custodientur.
1020 2371 1111 2457 Quae
1141 2372 1229 2443 cista
1257 2371 1373 2464 dispo-

230 2499 338 2562 netur
360 2491 399 2561 in
424 2489 543 2562 locum
567 2492 722 2562 maxime
747 2499 997 2585 opportunum,
1014 2489 1059 2561 ad
1081 2487 1372 2581 parochianorum

231 2608 473 2702 eleemosynas
491 2631 555 2702 pro
572 2609 783 2702 pauperibus
800 2608 957 2702 ejusdem
970 2605 1126 2678 ecclesiae
1138 2604 1373 2698 excipiendas.

233 2723 440 2808 Quinetiam
463 2732 626 2808 rectores,
645 2725 773 2810 vicarii,
791 2734 829 2796 et
846 2726 958 2797 curati
980 2747 1052 2794 non
1069 2722 1255 2794 cessabunt
1273 2743 1375 2814 parc-

233 2839 376 2910 chianos
407 2862 489 2911 suos
518 2841 678 2925 invitare,
707 2840 852 2929 hortari,
882 2851 920 2914 et
946 2841 1083 2936 jugiter
1109 2841 1266 2923 incitare,
1295 2845 1419 2908 tum²0

232 2981 316 3028 vero
346 2958 521 3051 praecipue
550 2981 633 3029 cum
662 2967 877 3030 testamenta
906 2981 969 3030 sua
997 2958 1200 3040 conficiunt,
1226 2964 1268 3026 ut
1281 2954 1375 3026 'huic

233 3073 329 3143 cistas
354 3097 417 3166 pro
448 3075 604 3167 ipsorum
630 3075 857 3148 facultatibus
883 3075 1096 3172 largiantur3
1132 3073 1265 3146 eisdem
1294 3073 1377 3143 insi·

232 3189 385 3272 nuando,
417 3191 621 3282 quodcum
653 3191 824 3264 hactenus
854 3191 985 3264 multas
1019 3214 1113 3284 opes,
1147 3199 1274 3285 practer
1306 3187 1377 3259 Dei

232 3306 451 3390 mandatum,
479 3308 516 3378 in
546 3310 804 3402 superstitiosos
832 3331 917 3381 usus
945 3309 1101 3380 studiose
1127 3305 1375 3401 Impenderint,

233 3421 348 3492 multo
365 3423 606 3516 propensiores
623 3447 699 3496 esse
721 3424 885 3508 debeant,
901 3424 969 3496 hcc
992 3424 1189 3517 praescrtim
1204 3431 1418 3516 temporam

234 3539 279 3607 ad
302 3560 432 3632 egenos
455 3548 494 3610 et
520 3561 692 3633 pauperes
718 3540 971 3626 sublevandos;
1006 3564 1089 3612 cum
1109 3563 1181 3612 non
1201 3541 1376 3636 ignorent,

234 3653 509 3726 misericordiam
525 3656 564 3726 in
587 3678 758 3750 pauperes
775 3659 982 3731 sacrificium
1006 3658 1085 3730 Deo
1101 3667 1242 3755 gratum
1258 3666 1297 3729 et
1319 3679 1377 3729 ac-

235 3779 379 3863 ceptum
397 3793 482 3856 esse,
500 3782 539 3844 et
556 3775 722 3868 quicquid
744 3776 783 3847 in
799 3798 922 3847 eorum
943 3775 1137 3847 subsidium
1154 3785 1192 3847 et
1214 3774 1376 3846 levamen

235 3888 349 3972 datur,
376 3887 517 3960 Christo
541 3890 626 3973 dari,
644 3889 896 3984 Christumque
920 3891 1094 3985 ejusmodi
1119 3893 1211 3970 dona
1234 3893 1272 3962 in
1297 3911 1377 3962 eam

234 4011 372 4097 partem
389 4006 558 4099 accipere,
575 4014 618 4076 ut
634 4005 696 4078 illa
712 4006 758 4078 sit
774 4007 926 4102 benigue
943 4015 1239 4080 remuneratums.
1279 4005 1421 4092 Quasao

236 4118 476 4215 eleemosynas
491 4129 530 4192 et
546 4122 621 4216 pias
637 4122 759 4217 populi
779 4123 983 4218 largitiones
999 4147 1063 4217 per
1084 4123 1240 4219 singulos
1255 4145 1377 4208 annos,

235 4233 294 4305 vel
314 4243 387 4306 tres
409 4259 557 4322 menses,
575 4247 638 4310 aut
659 4239 784 4332 saepius
801 4239 880 4333 (pro
897 4263 1080 4326 causarum
1097 4240 1154 4312 vel
1174 4250 1377 4335 temporum

236 4353 452 4446 conditione)
488 4357 651 4428 custodes
684 4355 848 4441 clavium,
882 4365 1053 4450 presente
1088 4357 1245 4430 maxima
1276 4379 1377 4451 paro-

236 4467 442 4541 chianorum
463 4471 649 4565 parte,ch
672 4495 737 4546 sex
758 4471 900 4547 illorum
916 4474 1109 4568 praecipuis,
1125 4475 1171 4545 de
1187 4473 1277 4546 cista
1298 4495 1378 4567 pro-
