3140 4972
250 227 319 294 isa
482 229 699 293 consutorum
714 227 781 292 aad
797 229 919 292 Uonone
934 223 1175 292 Ecclesiasticcl.
1339 222 1394 308 [V.

255 405 505 497 prescriptum,
523 419 726 477 reverenter
747 403 914 497 amplecti
937 426 978 474 ao
1000 403 1176 496 recipere;
1202 399 1397 494 presertim

256 511 343 591 cnm
363 522 563 616 intelligant
589 546 654 605 res,
682 521 812 615 alioqui
837 519 970 592 medias
997 543 1039 591 ac
1067 518 1307 590 indifferentes
1336 537 1401 584 na·

256 647 372 708 turam
396 661 495 708 snam
518 640 635 732 aliquo
657 639 764 708 modo
786 647 934 718 mutare,
952 643 1139 730 postquam
1160 633 1226 704 sub
1247 631 1402 726 legitimi·

256 755 481 848 magistratus
498 756 664 838 edictum,
682 755 738 825 vel
762 754 990 824 interdictum
1007 752 1177 834 venerint,
1194 773 1310 842 neque
1334 771 1398 841 pro

257 872 426 964 cujusque
444 871 548 942 libitu
564 878 691 964 praeter
707 871 822 964 legem
840 869 1054 941 omittendas
1071 891 1157 952 esse,
1174 889 1255 938 cum
1279 866 1423 958 praeci-5

256 986 411 1080 piantur,
429 1011 495 1059 nec
512 1009 598 1057 cum
614 985 855 1080 prohibentur,
873 987 1116 1058 observandas.

354 1251 411 1325 De
428 1255 608 1336 ministris,
626 1279 808 1352 corumque
824 1254 1042 1328 ordinatione
1058 1250 1300 1350 defunctione.

258 1454 409 1526 XXXI.
460 1455 605 1552 Jejonic
634 1469 782 1555 quatuor
815 1467 1002 1553 temporum
1030 1454 1268 1525 ministrorum
1303 1449 1399 1522 ordi-

681 1576 817 1647 nationi
833 1573 976 1646 decreta.

308 1723 399 1794 Cum
417 1726 530 1818 prisca
551 1736 751 1797 sanctorum
774 1733 915 1818 patrum
935 1722 1135 1806 auctoritas,
1161 1718 1399 1814 apostolorum
1411 1747 1445 1786 ιο

258 1839 423 1933 exemplo
441 1841 540 1925 freta,
558 1844 595 1912 in
619 1841 754 1913 solenni
778 1841 1018 1912 ministrorum
1035 1840 1256 1910 ordinatione
1279 1859 1401 1930 preces

258 1980 300 2027 ac
311 1957 447 2049 jejunia
464 1957 673 2029 celebranda
688 1958 918 2052 praeceperit3
943 1957 1138 2048 iisdemque
1154 1955 1243 2025 adeo
1255 1937 1401 2047 precum

258 2080 296 2143 et
317 2073 531 2165 jejuniorum
557 2074 679 2145 officiis
702 2083 795 2144 stata
819 2075 978 2167 quaedam
999 2082 1160 2166 tempora
1176 2095 1223 2142 ex
1245 2071 1401 2165 professo

258 2191 463 2275 decreverit,
487 2193 524 2261 in
550 2193 676 2286 quibus
700 2193 874 2263 duntaxat
900 2191 988 2262 sacri
1002 2191 1153 2282 vordines
1178 2198 1295 2260 essent
1319 2210 1403 2258 con-

258 2307 392 2378 ferendi
406 2332 414 2392 ;
433 2331 497 2379 nos
514 2317 674 2379 sanctum
689 2317 726 2381 et
743 2310 841 2402 pium
860 2309 1000 2380 illorum
1014 2308 1217 2378 institutum
1233 2305 1400 2388 colentes,
1413 2333 1447 2390 15

258 2423 421 2494 volumus
438 2433 475 2494 et
496 2427 692 2508 statuimus,
711 2434 752 2496 ut
774 2423 863 2495 nulli
885 2426 1102 2517 inposterum
1126 2423 1321 2517 presbyteri
1338 2434 1403 2492 aut

258 2540 396 2612 diaconi
426 2541 640 2624 ordinentur,
670 2542 736 2613 nisi
766 2541 802 2611 in
828 2541 952 2611 diebus
982 2540 1165 2611 dominicis
1196 2540 1403 2610 immediate

259 2657 487 2749 sequentibus
507 2657 644 2749 jejunia
660 2666 812 2751 quatuor
828 2664 1038 2748 temporum,
1056 2655 1163 2751 vulgo
1180 2655 1403 2749 Septimanas

260 2773 439 2857 Cinernm,
456 2774 501 2844 ad
518 2796 640 2866 preces
657 2783 695 2844 et
705 2774 842 2866 jejunia
856 2774 977 2867 (idque
990 2773 1084 2845 hunc
1101 2775 1217 2867 ipsum
1232 2775 1269 2843 in
1281 2775 1402 2866 usum)

259 2891 454 2982 antiquitus
483 2891 672 2974 institutas,
699 2899 806 2983 atque
831 2892 869 2960 in
894 2891 1042 2963 ecclesia
1068 2889 1268 2985 Anglicana
1295 2889 1449 2961 hodiene

207 3081 218 3105 ο
260 3008 491 3078 continuatas.
532 3005 636 3090 Quod
654 3008 777 3100 utique
794 3007 869 3078 fieri
887 3009 1050 3080 volumus
1065 3009 1102 3079 in
1120 3007 1268 3079 ecclesia
1283 3006 1404 3078 cathe-

260 3123 359 3208 drali,
383 3123 440 3194 vel
464 3123 665 3216 parochiali,
694 3126 756 3196 ubi
783 3127 966 3221 episcopus
989 3137 1290 3198 commoraturus
1312 3135 1404 3196 tem-

259 3264 345 3334 pore
375 3240 584 3323 divinorum,
609 3244 796 3313 assistente
823 3268 894 3316 non
920 3245 1035 3316 solum
1060 3244 1314 3326 archidiacono,
1340 3245 1403 3315 sed

261 3367 299 3429 et
328 3359 471 3441 decano,
497 3368 535 3428 et
563 3359 700 3430 duobus
724 3360 770 3430 ad
799 3363 917 3433 minus
945 3361 1200 3455 praebendariis,
1230 3373 1293 3430 aut
1319 3359 1403 3450 (illis

261 3473 421 3569 legitime
439 3474 606 3568 detentis)
630 3484 781 3568 quatuor
802 3475 880 3549 aliis
895 3477 1113 3572 gravioribus
1137 3478 1303 3571 personis,
1321 3500 1449 3570 quae25

260 3589 419 3684 magistri
446 3590 576 3660 artium
599 3591 644 3660 ad
669 3593 857 3663 minimum
883 3594 1078 3680 extiterint,
1102 3601 1139 3664 et
1163 3617 1227 3687 pro
1253 3591 1404 3686 publicis

261 3707 566 3778 concionatoribus
582 3705 741 3802 legitime
759 3711 969 3804 approbatae.

262 3956 433 4029 XXXII.
478 3955 669 4052 Utrumque
685 3957 841 4030 ordinem
859 3959 972 4033 eodem
990 3959 1046 4032 die
1063 3984 1132 4032 eoo
1149 3957 1403 4057 conserendum.

312 4131 404 4202 Cum
432 4155 478 4202 ex
506 4141 648 4226 patrum
678 4135 902 4226 antiquorum
932 4136 1117 4218 sententia,
1149 4145 1187 4205 et
1215 4134 1404 4228 primitivae

262 4247 417 4320 ecclesia
442 4249 541 4342 praxi
568 4248 702 4320 diaconi
734 4251 888 4322 officium
913 4253 958 4323 ad
983 4252 1167 4324 ministerii
1193 4251 1402 4346 dignitatem
1412 4288 1449 4342 30

260 4366 389 4459 gradus
412 4366 556 4458 quidam
581 4367 627 4435 sit
652 4367 887 4452 constitutus;
916 4369 1104 4440 statuimus
1129 4377 1167 4439 et
1192 4369 1403 4452 ordinamus,

261 4490 303 4551 ut
320 4481 437 4553 nullus
454 4482 619 4574 deinceps
642 4483 825 4577 episcopus
847 4483 1001 4576 aliquam
1025 4486 1177 4578 cujusvis
1194 4485 1405 4558 conditionIs
