3156 4968
239 195 305 261 sos
460 190 1158 260 ommusmansmmmeaomeaz.
1328 195 1385 284 [v.

240 369 409 454 officialis,
438 368 497 442 vel
530 369 644 474 quivis
677 368 767 440 alius
800 367 1075 441 ecclesiasticam
1100 369 1386 464 jurisdictionem

241 486 414 570 obtinens,
440 485 541 578 eujus
566 483 737 565 intererit,
765 507 905 556 causam
931 507 1073 557 omnem
1102 509 1166 580 per
1191 508 1384 579 processus,

241 601 396 694 aliasque
420 602 492 673 vias
521 609 559 672 et
583 601 707 672 modos
730 600 895 673 adversm
923 623 1007 672 eum
1035 601 1212 695 expediet,
1238 602 1385 696 ejusque

109 786 111 790 .
242 719 280 788 in
315 741 388 788 non
428 716 662 812 comparendo
696 717 957 788 contumaciam
988 716 1102 810 primo
1136 719 1381 811 suspensionis,

242 835 391 906 eandem
408 856 492 904 vero
509 833 751 904 continuatam
768 834 1141 905 excommunicationis
1158 857 1263 927 poena
1278 834 1410 916 ulcis-5

242 960 351 1023 cetur.
404 948 468 1022 Sin
493 958 614 1020 antem
639 947 758 1020 debite
781 971 986 1042 comparens
1009 949 1170 1043 legitimo
1188 950 1279 1043 juris
1302 973 1384 1044 pro·

241 1067 354 1138 cessui
372 1089 409 1138 se
426 1066 637 1148 submiserit,
653 1073 750 1149 tunc,
767 1065 828 1136 ubi
845 1089 957 1138 cansae
973 1067 1158 1138 maturitas
1170 1069 1382 1140 sententiam

240 1182 436 1276 postularit,
454 1183 483 1254 si
505 1181 597 1253 forte
621 1182 743 1253 delicti
764 1183 931 1254 meritum
949 1183 1006 1255 vel
1027 1182 1306 1277 deprivationem
1323 1185 1381 1258 vel

242 1298 497 1392 depositionem
523 1321 544 1368 a
568 1299 673 1369 sacris
695 1297 874 1370 ordinibus
896 1323 942 1371 ex
965 1301 1108 1371 decreto
1127 1301 1218 1395 jutis
1240 1302 1380 1397 exigat3

243 1415 377 1486 nullam
394 1415 566 1508 ejusmodi
583 1415 796 1488 sententiam
811 1439 875 1509 per
890 1415 1084 1510 quamlibet
1100 1439 1284 1510 personam
1301 1439 1382 1512 pro-
1392 1445 1426 1486 ιο

242 1533 399 1604 nunciati
425 1531 596 1616 volumus,
620 1541 853 1626 praeterquam
880 1557 944 1627 per
970 1535 1183 1628 episcopum,
1213 1533 1381 1608 adhibitis

243 1649 352 1744 ipsius
374 1648 591 1732 cancellario,
608 1657 646 1721 et
668 1650 811 1735 decano,
828 1651 857 1722 si
880 1653 1067 1723 commode
1090 1651 1127 1724 id
1149 1653 1225 1723 fieri
1252 1661 1380 1745 potest,

242 1775 280 1837 et
305 1765 439 1860 aliquot
464 1765 718 1858 praebendariis,
744 1766 773 1837 si
799 1789 907 1861 prope
932 1767 1117 1840 ecclesiam
1142 1768 1379 1840 cathedralem

242 1882 338 1953 dicta
352 1882 449 1953 curia
464 1889 638 1966 teneatur,
655 1882 712 1953 vel
734 1883 990 1968 archidiacono,
1006 1882 1113 1955 modo
1135 1884 1211 1977 ejus
1230 1883 1380 1958 facultas

243 1999 357 2082 detur,
383 1997 529 2090 aliisque
555 1996 692 2069 dnobus
720 1998 765 2069 ad
795 1999 911 2070 minus
939 1999 1102 2094 gravibus
1131 2000 1308 2085 ministris,
1337 2022 1424 2084 ac15
1483 2021 1486 2026 ’

241 2113 374 2186 eisdem
387 2113 698 2198 concionatoribus,
712 2137 775 2207 per
787 2114 990 2207 episcopum
1004 2114 1225 2199 advocandis,
1238 2118 1379 2208 quando

242 2231 374 2303 curiam
391 2229 468 2302 aliis
484 2231 522 2301 in
538 2229 624 2302 locis
640 2229 761 2303 haberi
779 2231 978 2326 contigerit.
1105 2259 1107 2262 ·

239 2477 421 2550 CXXIII.
458 2475 569 2551 Actus
581 2475 766 2574 judiciales
782 2500 852 2550 noa
874 2477 946 2548 nisi
965 2474 1111 2573 psthlicc,
1132 2487 1165 2550 et
1185 2479 1377 2552 onomatica

642 2617 747 2667 manu
764 2590 976 2688 capediendi.

292 2757 425 2831 Nullus
449 2759 686 2845 cancellarius,
712 2761 977 2844 commissarius,
1005 2762 1278 2847 archidiaconns,
1304 2760 1423 2832 oili-20

205 2961 210 2978 ἵ
243 2878 349 2962 ciclis,
365 2885 429 2949 aut
451 2878 539 2950 alius
561 2877 710 2972 quilibet
730 2878 1002 2951 ecclesiasticam
1019 2879 1301 2974 jurisdictionem
1317 2901 1380 2949 ex·

242 3017 373 3079 arcens,
390 3003 509 3066 actum
526 2995 667 3090 aliquod
678 2996 847 3091 judiciale
863 2998 1038 3092 expediet,
1052 2998 1124 3068 sive
1140 2997 1378 3080 contentiosa,

242 3112 316 3184 sive
333 3111 538 3184 voluntaria
550 3113 815 3206 jurisdictionis,
832 3115 899 3186 nisi
921 3115 1080 3187 adhibito
1097 3113 1271 3185 ordinario
1287 3114 1379 3206 ejus-

242 3229 324 3301 dem
335 3209 444 3302 ¹curiae
465 3231 674 3326 registrario,
691 3232 749 3304 vel
773 3233 848 3324 ejus
870 3231 1030 3325 legitimo
1052 3231 1244 3325 deputat03
1269 3237 1331 3299 aut
1349 3229 1377 3300 si
1442 3254 1446 3261 ·

241 3349 271 3418 is
288 3346 346 3418 vel
365 3348 390 3416 ii
412 3346 528 3418 nolint
549 3355 612 3418 aut
634 3356 811 3442 nequeant
832 3349 1011 3430 interesse,
1028 3354 1106 3417 tum
1127 3345 1204 3416 aliis
1220 3345 1378 3438 personis
1386 3363 1422 3423 25

240 3465 457 3548 auctenticis,
485 3485 562 3556 qnae
588 3463 712 3535 eadem
739 3473 818 3536 acta
842 3465 1063 3535 conscribant
1088 3471 1150 3534 aut
1175 3461 1377 3558 expediant,

241 3578 307 3653 sub
322 3602 427 3674 poena
442 3580 677 3674 suspensionis
692 3581 768 3674 ipso
786 3580 880 3652 facto
898 3578 1099 3652 snbenndae.

464 3827 646 3902 CXXIV.
687 3825 878 3902 Curiorum
893 3823 1018 3924 epicla,
1035 3825 1148 3898 coiea

290 3979 422 4053 Nullus
447 3980 683 4064 cancellarius,
708 3979 975 4066 commissarius,
1001 3978 1273 4062 archidiaconus,
1303 3976 1377 4049 offi-

240 4099 346 4183 cialis,
363 4107 426 4170 aut
450 4097 539 4168 alius
563 4096 713 4190 quilibet
732 4095 978 4191 jurisdictione
1001 4103 1107 4167 utens
1129 4094 1421 4179 ecclesiasticam

238 4216 473 4311 pluraquam
496 4237 606 4285 unum
629 4215 802 4286 duntaxat
827 4211 981 4308 sigillum
1003 4215 1093 4284 citra
1117 4212 1272 4306 episcopi
1294 4233 1377 4282 con·

239 4355 380 4406 sensum
392 4330 547 4414 habebit,
561 4353 623 4424 pro
636 4330 808 4414 omnibus,
820 4351 1037 4424 quacunque
1050 4329 1088 4399 in
1101 4329 1208 4422 ipsius
1221 4326 1376 4399 officium

238 4447 434 4532 inciderint,
451 4443 653 4542 sip'llandis.
701 4445 807 4530 Quod
823 4447 967 4540 quidem
984 4445 1139 4542 sigillum
1156 4443 1376 4518 custodietur
