3140 4972
190 213 298 302 1604]
412 215 711 283 ιιωιιιιιιιιιαιιι
727 219 849 284 am
864 217 1104 284 Maccui.
1264 214 1332 288 cor

186 390 284 461 sterii
310 391 365 461 sui
385 391 597 486 dignitatem
621 393 847 478 haberentur,
868 394 1071 466 consultum
1096 403 1267 488 putarunt
1287 403 1330 466 ut

187 506 307 590 iidem,
324 509 471 602 congrui
495 517 533 580 et
554 510 713 582 decentis
737 510 885 603 alicujus
906 510 1048 583 habitus
1071 521 1170 584 certa
1186 519 1224 582 ct
1244 535 1330 604 prae-

187 626 319 718 scripta
344 625 457 696 forma
479 635 632 709 utentes,
660 629 698 697 in
723 628 887 699 omnibus
913 628 1011 714 locis,
1036 636 1074 700 et
1096 627 1331 698 conventibus

187 749 263 810 tam
289 740 391 823 intra,
417 764 524 834 quam
550 751 652 814 extra
676 743 861 815 ecclesiam
878 766 900 814 a
919 743 1050 838 populo
1076 745 1226 814 discerni
1251 765 1332 836 pos

188 866 345 941 santae
371 859 573 944 internosci,
590 870 632 932 ut
658 883 702 932 ea
727 862 863 932 ratione
888 859 1069 944 honorem,
1090 868 1128 930 et
1151 859 1357 938 existima-5

189 975 324 1044 tionem
348 975 557 1067 specialibus
580 979 833 1070 omnipotentis
850 977 919 1048 Dei
940 978 1078 1048 nunciis
1099 985 1138 1047 et
1162 977 1331 1048 ministris

189 1090 348 1161 debitam
366 1101 672 1184 consequerentur.
724 1093 803 1164 Nos
826 1115 911 1187 ergo
927 1093 1166 1164 venerandum
1187 1090 1330 1162 illorum

182 1205 369 1298 judicium,
387 1215 614 1300 veteremque
634 1208 790 1279 ccclesiae
807 1208 1014 1303 Anglicanae
1037 1209 1331 1280 consuetudinem

190 1325 315 1405 secuti,
339 1325 484 1394 omnino
509 1324 610 1396 nobis
635 1325 843 1418 pollicentes
867 1326 954 1409 fore,
970 1335 1013 1395 ut
1035 1325 1228 1396 afactiosis
1254 1325 1331 1416 qui-

189 1441 338 1510 busdam
368 1439 534 1512 affectata
557 1441 596 1512 in
618 1442 751 1512 vestitu
780 1443 917 1512 novitas
946 1463 1130 1536 progressu
1161 1440 1376 1533 temporisro
1506 1512 1509 1526 ,

160 1589 162 1594 v
190 1565 400 1640 evanescam
435 1557 624 1628 statuimus
649 1567 687 1628 et
710 1559 923 1642 ordinamus,
946 1566 988 1628 ut
1011 1579 1133 1628 omnes
1161 1555 1332 1650 archiepi-

191 1673 287 1766 scopi
313 1681 351 1743 et
376 1673 530 1766 episcopi
559 1681 769 1744 consuetum
802 1675 965 1745 ordinum
995 1697 1139 1745 suorum
1166 1673 1330 1744 habitum

190 1813 263 1860 non
292 1790 541 1861 intermittant.
603 1788 845 1882 Similiterque
874 1798 915 1860 ut
946 1813 1068 1862 omnes
1095 1789 1229 1873 decani,
1260 1789 1333 1861 col·

190 1906 363 2002 legiorum
381 1907 548 1999 praefecti,
561 1907 806 1990 archidiaconi,
820 1915 857 1978 et
874 1908 1102 2004 praebendarii
1120 1905 1332 1978 cathedralis

191 2033 229 2092 et
245 2022 440 2118 collegiatae
464 2023 634 2116 cujusque
652 2022 807 2094 ecclesiae
826 2023 946 2109 (modo
969 2024 1006 2093 in
1026 2023 1133 2094 sacris
1151 2021 1331 2093 ordinibus
1342 2043 1375 2103 15

65 2155 67 2160 ’
191 2137 391 2231 constituti)
416 2136 578 2208 doctores
600 2138 638 2207 in
660 2135 848 2231 theologia,
860 2137 941 2230 jure
961 2136 1066 2218 civili,
1085 2143 1122 2206 et
1145 2134 1331 2217 medicina,

191 2252 355 2324 heceloni
385 2254 421 2324 in
452 2254 639 2349 theologia,
667 2254 825 2348 magistri
858 2253 1000 2337 artium,
1028 2263 1066 2323 et
1094 2249 1259 2323 baoalarii
1293 2252 1331 2322 in

185 2372 267 2464 jure
303 2369 406 2454 civili,
435 2371 608 2463 siquidem
642 2370 919 2441 ecclesiasticum
949 2370 1090 2462 aliquod
1119 2367 1329 2440 beneficium

192 2487 365 2569 obtinent,
399 2488 491 2581 togis
524 2510 607 2558 cum
649 2486 836 2558 collaribus
874 2487 1000 2558 erectis
1035 2485 1252 2577 manicisque
1284 2484 1330 2554 ad

192 2625 336 2673 manum
354 2603 653 2686 contractioribus,
671 2602 727 2675 vel
744 2603 946 2686 laxioribus,
963 2610 1069 2696 prout
1088 2601 1126 2671 in
1142 2601 1330 2672 academiis
1338 2635 1375 2674 ιο

191 2719 363 2790 usitatum
385 2728 449 2800 est,
467 2741 636 2790 unacum
657 2720 816 2813 caputiis,
834 2717 891 2789 rel
914 2717 1073 2811 liripipiis
1090 2740 1135 2787 ex
1153 2718 1274 2799 serico,
1292 2725 1331 2787 et

191 2835 293 2928 pileis
310 2836 487 2926 quadratis
504 2836 549 2905 de
571 2858 669 2906 more
686 2844 853 2906 utantur:
880 2842 918 2905 et
941 2843 982 2902 ut
999 2833 1058 2903 alii
1081 2855 1204 2903 omnes
1226 2832 1332 2903 mini-

192 2952 254 3021 stri
288 2952 333 3021 ad
362 2951 458 3022 idem
487 2973 615 3022 munus
641 2952 792 3034 admissi,
823 2951 880 3021 rel
913 2949 1136 3033 admittendi,
1163 2950 1331 3043 pradicto

192 3067 342 3136 uestitus
375 3088 505 3160 genere
539 3066 713 3159 (exceptis
747 3075 887 3137 tantum
924 3066 1098 3158 liripipiis)
1133 3065 1331 3136 consuetim

192 3183 392 3252 induantur.
444 3181 525 3252 Pari
553 3185 688 3253 ratione
714 3182 863 3253 ulterius
889 3183 1119 3264 decemimus,
1148 3191 1190 3251 ut
1219 3179 1375 3273 eccle-25

192 3297 321 3369 siastici
336 3319 457 3368 omnes
470 3299 628 3391 superius
644 3299 816 3369 nominati
834 3301 870 3368 in
886 3299 1013 3369 itinere
1026 3297 1190 3368 usitatius
1206 3304 1333 3391 gerant

191 3412 409 3506 palliacum
451 3414 598 3484 manicis
634 3414 777 3496 indutis,
806 3438 882 3507 quae
909 3413 1015 3508 vulgo
1049 3414 1333 3506 presbyterorum

192 3529 300 3622 pallia
325 3529 558 3622 appellantur,
584 3533 659 3602 sine
684 3530 842 3616 fimbriis,
868 3530 996 3612 limbis,
1020 3528 1137 3600 fibulis
1160 3527 1333 3622 oblongis,

193 3655 256 3716 aut
281 3645 447 3716 scissuris.
500 3645 632 3719 Nullus
657 3648 754 3730 item,
776 3648 813 3718 in
836 3669 1046 3740 quocunque
1073 3646 1195 3716 ordine
1220 3643 1340 3716 eccle-

193 3761 332 3831 siastico
360 3761 503 3853 positus,
534 3761 663 3855 pileolo
692 3763 766 3834 ullo
794 3762 888 3834 lineo
918 3763 1080 3855 acupicto
1109 3771 1243 3844 utetur,
1270 3761 1378 3856 sed30

193 3875 352 3968 simplice
378 3883 519 3948 tantum
543 3901 591 3949 cx
615 3881 716 3974 nigro
742 3880 862 3961 serico,
889 3879 1126 3962 tramoserico,
1148 3887 1210 3948 aut
1235 3876 1335 3948 holo·

193 3994 315 4064 serico.
366 3992 409 4063 In
433 4016 504 4086 qua
526 3997 675 4068 restitus
698 3996 820 4080 forma,
844 3993 1083 4089 particulatim
1105 4018 1128 4065 c
1149 3993 1250 4064 nobis
1274 3993 1334 4064 hic

192 4108 378 4201 descripta,
400 4133 472 4180 non
494 4110 530 4182 id
555 4112 702 4206 agimus,
726 4121 767 4182 ut
789 4110 899 4183 ullam
917 4110 1074 4182 vestibus
1098 4111 1182 4204 ipsis
1206 4109 1335 4182 saucti-

192 4227 349 4298 moniam
381 4235 444 4297 aut
477 4229 688 4322 praecipuam
718 4229 929 4322 dignitatem
963 4227 1169 4310 tribuamus,
1199 4227 1262 4297 sed
1293 4233 1341 4295 ut*

192 4342 357 4437 gravitas,
384 4342 562 4424 decorum,
587 4353 695 4437 atque
721 4344 806 4414 ordo
835 4341 904 4436 (uti
932 4341 1102 4436 diximus)
1128 4365 1191 4436 per
1217 4341 1380 4419 omniass

194 4465 458 4530 conserventur.
510 4457 686 4532 Ceterum
717 4460 754 4532 in
780 4461 925 4554 privatis
954 4461 1110 4553 ipsorum
1138 4457 1335 4542 domiciliis,
