3156 4968
216 194 285 261 tat
440 191 661 258 Constitutione
676 191 744 256 aad
757 191 882 258 cenom
897 187 1137 256 Ecclesiasticcl.
1300 191 1358 277 [Vr

221 371 417 463 respective
433 394 476 442 eo
494 387 586 442 anuo
607 368 775 462 probata3
801 365 997 436 valvarum
1019 364 1145 436 saltem
1166 367 1360 469 eorundem

222 485 403 580 exemplar
423 510 487 580 per
508 486 643 557 dictum
661 483 820 577 judicem
842 481 1065 575 peculiarem,
1090 483 1235 575 ejusque
1258 491 1359 554 nom

222 604 314 671 rium
331 603 582 686 examinatum,
600 599 845 692 subscriptum,
863 607 901 669 et
918 599 1172 692 consignatum.
1223 597 1359 682 Quodsi

222 719 299 811 quis
322 720 485 812 judicum
513 718 759 812 praedictorum
787 716 824 787 in
849 738 892 786 eo
919 715 1115 809 deliquerit,
1140 717 1170 786 is
1195 737 1258 808 per
1286 717 1360 807 epi-

223 858 367 928 scopum
391 836 636 918 dioecesanum,
653 833 711 906 vel
735 835 904 906 decanum
922 841 959 904 et
982 831 1186 926 capitulum,
1203 834 1247 904 ad
1271 849 1385 924 quos5

222 950 283 1020 illa
305 951 504 1043 jurisdictio
531 951 725 1043 respective
749 949 950 1043 pertinebit,
976 951 1072 1020 omni
1094 949 1279 1043 peculiaris
1299 948 1359 1040 ju-

223 1067 430 1137 risdictionis
470 1068 638 1138 exercitio
678 1088 832 1159 eousque
871 1065 1075 1159 privabitur,
1113 1066 1228 1160 quoad
1267 1064 1358 1135 hanc

223 1191 377 1253 nostram
395 1184 683 1254 constitutionem
701 1182 821 1254 debite
837 1181 1090 1276 adimpleverit.

538 1413 594 1487 De
600 1411 777 1510 jactatas
794 1409 1036 1486 ecclesiasticis.

346 1613 548 1686 CXXVII.
573 1611 742 1686 dedicata
758 1611 1057 1684 ceclesiasticorum
1077 1610 1235 1708 paralitate.
1367 1645 1401 1684 ιο

272 1759 404 1834 Nullus
420 1765 637 1857 inposterum
657 1765 703 1836 ad
720 1763 873 1834 officium
895 1762 1102 1848 cancellarii,
1120 1763 1355 1846 commissarii,

222 1887 284 1950 aut
305 1878 461 1951 officialis
483 1879 692 1951 admittetur
713 1880 758 1950 ad
778 1879 1060 1972 jurisdictionem
1083 1877 1277 1972 quamlibet
1299 1901 1357 1949 ec-

221 1997 452 2070 clesiasticam
477 1999 719 2081 exercendam,
741 1998 807 2068 nisi
831 1998 892 2090 qui
918 1998 1123 2067 vicesimum
1145 2004 1287 2067 sextum
1312 1996 1357 2066 ad

221 2111 338 2185 minus
354 2115 467 2185 etatis
485 2135 555 2186 suae
577 2136 708 2186 annum
725 2113 963 2207 compleverit,
981 2121 1018 2183 et
1035 2114 1149 2205 quiin
1164 2113 1246 2205 jure
1263 2111 1357 2182 civili

222 2238 258 2299 et
276 2231 443 2300 canonico
460 2229 618 2300 eruditus
634 2230 774 2313 existat,
792 2229 906 2322 sitque
923 2230 967 2301 ad
988 2228 1173 2299 minimum
1190 2227 1358 2321 magister
1366 2251 1399 2311 ¹5

221 2343 359 2429 antima,
377 2354 439 2415 aut
455 2346 584 2437 injure
600 2344 811 2428 bacalareus,
828 2368 869 2416 ao
890 2345 926 2415 in
943 2346 1042 2438 praxi
1059 2353 1097 2414 et
1114 2345 1226 2414 causis
1243 2343 1358 2414 foren-

221 2463 316 2534 sibus
346 2460 568 2533 laudabiliter
595 2463 817 2544 exercitatua
847 2484 985 2534 necnon
1010 2468 1106 2532 recte
1135 2459 1293 2544 affectus,
1319 2471 1356 2533 et

222 2559 382 2672 religioni
399 2574 554 2650 studiose
571 2579 720 2662 deditus,
738 2577 782 2649 de
799 2579 898 2671 cujus
914 2579 989 2648 vita
1005 2586 1043 2648 et
1065 2576 1221 2648 moribus
1238 2575 1356 2648 nullus

223 2694 363 2764 sinister
385 2715 499 2764 sermo
521 2693 702 2777 audiatur,
729 2713 770 2764 ac
796 2694 939 2786 insuper
963 2693 1027 2764 nisi
1049 2692 1251 2786 priusquam
1276 2689 1357 2762 talis

222 2809 391 2902 cujusque
424 2809 529 2880 officii
563 2809 790 2894 structionem,
823 2818 885 2880 aut
924 2809 1133 2880 exercitium
1173 2808 1286 2890 adeat,
1320 2807 1401 2880 into

222 2947 420 3018 supremam
437 2926 528 3020 regis
544 2926 792 2998 auctoritatem
807 2927 844 2996 in
857 2927 970 2998 carnis
982 2926 1225 2998 ecclesiasticis
1240 2945 1359 2996 coram

222 3042 395 3136 episcopo,
413 3041 470 3115 vel
485 3041 626 3137 publice
644 3043 680 3112 in
697 3044 793 3114 curia
802 3045 994 3137 juraverit;
1019 3067 1061 3114 ac
1077 3043 1254 3138 religionis
1275 3045 1359 3114 arti-

223 3157 321 3230 culos
345 3160 383 3230 in
411 3161 556 3252 synodo,
584 3182 676 3231 anno
704 3179 872 3246 nnnxn,
902 3161 1137 3232 communiter
1166 3159 1357 3244 conclusos,

223 3275 476 3368 subscriptione
499 3297 563 3346 sua
586 3276 885 3369 comprobaverit;
915 3285 954 3348 et
976 3277 1084 3347 etiam
1101 3277 1241 3369 juratus
1263 3297 1358 3346 rece-

221 3391 315 3485 perit
331 3415 368 3463 se
380 3393 517 3486 integre
529 3399 567 3464 et
584 3416 630 3463 ex
643 3417 751 3486 aequo,
764 3417 827 3487 pro
844 3402 1039 3488 captusne,
1050 3394 1111 3486 jus
1124 3394 1357 3475 redditurum,
1366 3407 1417 3480 25·

222 3509 354 3600 absque
379 3509 475 3578 omni
499 3508 633 3581 intuitu
662 3509 718 3582 vel
747 3513 877 3605 gratiae,
905 3511 962 3582 vel
987 3511 1179 3596 mercedis;
1209 3534 1358 3604 quorum

221 3625 344 3717 utique
363 3625 658 3717 juramentorum,
679 3649 720 3698 ac
745 3627 1007 3720 subscriptionis
1031 3649 1096 3720 per
1119 3629 1357 3722 registrarium

221 3747 300 3811 tum
322 3749 530 3833 presentem
552 3750 672 3818 actum
688 3743 936 3815 conscribatur.
988 3744 1097 3816 Haud
1117 3764 1217 3816 secus
1235 3767 1358 3816 omnes

221 3857 429 3942 cancellarii,
446 3860 683 3942 commissarii,
701 3859 876 3946 officiales,
893 3861 1095 3955 registrarii,
1108 3859 1237 3953 aliique
1255 3868 1358 3952 quot-

221 3981 311 4066 quot
323 3974 585 4066 jurisdiotionis,
603 3975 677 4047 sive
699 3977 881 4049 ministerii
905 3977 1132 4048 ecclesiastici
1154 3976 1273 4048 locum
1295 3976 1400 4051 ali-30

221 4111 327 4180 quem
354 4090 390 4162 in
416 4091 577 4183 presenti
606 4093 794 4184 possident,
819 4103 883 4167 aut
908 4103 1085 4178 exercent,
1112 4095 1201 4166 citra
1227 4093 1357 4165 festum

222 4203 432 4279 Nativitatis
456 4208 616 4301 proxime
641 4219 839 4296 venturum,
862 4231 979 4282 coram
1000 4211 1270 4304 archiepiscopo,
1294 4219 1359 4281 aut

221 4322 394 4415 episcopo,
420 4322 477 4393 vel
502 4325 611 4396 etiam
636 4327 674 4397 in
698 4336 822 4421 aperta
844 4327 949 4410 curia,
975 4326 1144 4418 subque,
1168 4327 1262 4396 etin
1288 4347 1357 4417 qua

220 4439 423 4514 muneribus
448 4441 520 4514 suis
542 4441 747 4538 funguntur,
773 4446 897 4518 eadem
919 4444 1124 4536 juramenta
1150 4442 1277 4525 subire,
1306 4451 1355 4524 et,
