<?xml version="1.0" encoding="UTF-8"?>
<!DOCTYPE html PUBLIC "-//W3C//DTD XHTML 1.0 Transitional//EN"
    "http://www.w3.org/TR/xhtml1/DTD/xhtml1-transitional.dtd">
<html xmlns="http://www.w3.org/1999/xhtml" xml:lang="en" lang="en">
 <head>
  <title>
</title>
<meta http-equiv="Content-Type" content="text/html;charset=utf-8" />
  <meta name='ocr-system' content='tesseract 3.04.00' />
  <meta name='ocr-capabilities' content='ocr_page ocr_carea ocr_par ocr_line ocrx_word'/>
</head>
<body>
  <div class='ocr_page' id='page_1' title='image "./synodaliaacolle00cardgoog_0254.png"; bbox 0 0 3140 4972; ppageno 0'>
   <div class='ocr_carea' id='block_1_1' title="bbox 202 211 1340 298">
    <p class='ocr_par' dir='ltr' id='par_1_1' title="bbox 202 211 1340 298">
     <span class='ocr_line' id='line_1_1' title="bbox 202 211 1340 298; baseline -0.001 -13"><span class='ocrx_word' id='word_1_1' title='bbox 202 211 315 298; x_wconf 75' lang='lat'><em>1604]</em></span> <span class='ocrx_word' id='word_1_2' title='bbox 428 213 864 282; x_wconf 59' lang='lat' dir='ltr'>dammandum</span> <span class='ocrx_word' id='word_1_3' title='bbox 879 213 1121 284; x_wconf 72' lang='lat' dir='ltr'>Ecclesimticul.</span> <span class='ocrx_word' id='word_1_4' title='bbox 1274 214 1340 284; x_wconf 61' lang='lat' dir='ltr'><em>w</em></span> 
     </span>
    </p>
   </div>
   <div class='ocr_carea' id='block_1_2' title="bbox 456 468 1085 608">
    <p class='ocr_par' dir='ltr' id='par_1_2' title="bbox 456 468 1085 608">
     <span class='ocr_line' id='line_1_2' title="bbox 456 468 1085 608; baseline 0.005 -30"><span class='ocrx_word' id='word_1_5' title='bbox 456 504 514 578; x_wconf 90' lang='lat' dir='ltr'>De</span> <span class='ocrx_word' id='word_1_6' title='bbox 523 505 724 606; x_wconf 73' lang='lat' dir='ltr'>pudupcpis</span> <span class='ocrx_word' id='word_1_7' title='bbox 739 508 809 580; x_wconf 78' lang='lat' dir='ltr'>cicc</span> <span class='ocrx_word' id='word_1_8' title='bbox 819 468 1085 608; x_wconf 14' lang='lat' dir='ltr'>&#39;ludimupistrc&#39;a</span> 
     </span>
    </p>
   </div>
   <div class='ocr_carea' id='block_1_3' title="bbox 199 703 1338 920">
    <p class='ocr_par' dir='ltr' id='par_1_3' title="bbox 199 703 1338 920">
     <span class='ocr_line' id='line_1_3' title="bbox 199 703 1338 804; baseline 0.003 -30"><span class='ocrx_word' id='word_1_9' title='bbox 199 703 402 778; x_wconf 83' lang='lat' dir='ltr'>LXXVII.</span> <span class='ocrx_word' id='word_1_10' title='bbox 432 703 575 780; x_wconf 78' lang='lat' dir='ltr'><em>Publice</em></span> <span class='ocrx_word' id='word_1_11' title='bbox 595 705 649 780; x_wconf 81' lang='lat' dir='ltr'>ool</span> <span class='ocrx_word' id='word_1_12' title='bbox 663 708 832 804; x_wconf 77' lang='lat' dir='ltr'>privutim</span> <span class='ocrx_word' id='word_1_13' title='bbox 857 707 990 802; x_wconf 69' lang='lat' dir='ltr'>injussu</span> <span class='ocrx_word' id='word_1_14' title='bbox 1016 707 1192 780; x_wconf 78' lang='lat' dir='ltr'>ordinarii</span> <span class='ocrx_word' id='word_1_15' title='bbox 1219 705 1338 778; x_wconf 84' lang='lat' dir='ltr'>docere</span> 
     </span>
     <span class='ocr_line' id='line_1_4' title="bbox 651 822 874 920; baseline -0.009 -23"><span class='ocrx_word' id='word_1_16' title='bbox 651 822 874 920; x_wconf 63' lang='lat' dir='ltr'>proteram.</span> 
     </span>
    </p>
   </div>
   <div class='ocr_carea' id='block_1_4' title="bbox 196 971 1380 2091">
    <p class='ocr_par' dir='ltr' id='par_1_4' title="bbox 196 971 1380 2091">
     <span class='ocr_line' id='line_1_5' title="bbox 248 971 1336 1069; baseline 0.001 -26"><span class='ocrx_word' id='word_1_17' title='bbox 248 971 369 1045; x_wconf 90' lang='lat' dir='ltr'>Nemo</span> <span class='ocrx_word' id='word_1_18' title='bbox 394 977 529 1047; x_wconf 87' lang='lat' dir='ltr'>sivein</span> <span class='ocrx_word' id='word_1_19' title='bbox 554 976 675 1048; x_wconf 87' lang='lat' dir='ltr'>schola</span> <span class='ocrx_word' id='word_1_20' title='bbox 700 975 818 1068; x_wconf 89' lang='lat' dir='ltr'>aliqua</span> <span class='ocrx_word' id='word_1_21' title='bbox 846 974 998 1069; x_wconf 87' lang='lat' dir='ltr'>publica,</span> <span class='ocrx_word' id='word_1_22' title='bbox 1024 974 1098 1046; x_wconf 86' lang='lat' dir='ltr'>siva</span> <span class='ocrx_word' id='word_1_23' title='bbox 1127 975 1165 1046; x_wconf 89' lang='lat' dir='ltr'>in</span> <span class='ocrx_word' id='word_1_24' title='bbox 1191 973 1336 1067; x_wconf 88' lang='lat' dir='ltr'>privatis</span> 
     </span>
     <span class='ocr_line' id='line_1_6' title="bbox 198 1088 1362 1186; baseline 0.002 -28"><span class='ocrx_word' id='word_1_25' title='bbox 198 1088 330 1160; x_wconf 74' lang='lat' dir='ltr'>aedibus</span> <span class='ocrx_word' id='word_1_26' title='bbox 356 1113 483 1184; x_wconf 87' lang='lat' dir='ltr'>pueros</span> <span class='ocrx_word' id='word_1_27' title='bbox 508 1093 650 1164; x_wconf 88' lang='lat' dir='ltr'>docebit</span> <span class='ocrx_word' id='word_1_28' title='bbox 673 1099 736 1164; x_wconf 89' lang='lat' dir='ltr'>aut</span> <span class='ocrx_word' id='word_1_29' title='bbox 760 1092 906 1176; x_wconf 77' lang='lat' dir='ltr'>erudiet,</span> <span class='ocrx_word' id='word_1_30' title='bbox 923 1091 991 1162; x_wconf 89' lang='lat' dir='ltr'>nisi</span> <span class='ocrx_word' id='word_1_31' title='bbox 1015 1091 1076 1186; x_wconf 90' lang='lat' dir='ltr'>qui</span> <span class='ocrx_word' id='word_1_32' title='bbox 1103 1090 1147 1162; x_wconf 91' lang='lat' dir='ltr'>ab</span> <span class='ocrx_word' id='word_1_33' title='bbox 1174 1090 1362 1183; x_wconf 88' lang='lat' dir='ltr'>episcopo5</span> 
     </span>
     <span class='ocr_line' id='line_1_7' title="bbox 198 1204 1336 1299; baseline 0 -23"><span class='ocrx_word' id='word_1_34' title='bbox 198 1204 395 1280; x_wconf 86' lang='lat' dir='ltr'>dioecesano</span> <span class='ocrx_word' id='word_1_35' title='bbox 412 1209 469 1279; x_wconf 86' lang='lat' dir='ltr'>vel</span> <span class='ocrx_word' id='word_1_36' title='bbox 493 1209 563 1281; x_wconf 93' lang='lat' dir='ltr'>loci</span> <span class='ocrx_word' id='word_1_37' title='bbox 584 1209 758 1281; x_wconf 87' lang='lat' dir='ltr'>ordinario</span> <span class='ocrx_word' id='word_1_38' title='bbox 780 1207 960 1279; x_wconf 88' lang='lat' dir='ltr'>licentiam</span> <span class='ocrx_word' id='word_1_39' title='bbox 980 1208 1139 1299; x_wconf 89' lang='lat' dir='ltr'>ejusdem</span> <span class='ocrx_word' id='word_1_40' title='bbox 1164 1227 1273 1276; x_wconf 92' lang='lat' dir='ltr'>manu</span> <span class='ocrx_word' id='word_1_41' title='bbox 1298 1213 1336 1276; x_wconf 91' lang='lat' dir='ltr'>et</span> 
     </span>
     <span class='ocr_line' id='line_1_8' title="bbox 198 1320 1337 1418; baseline 0.002 -28"><span class='ocrx_word' id='word_1_42' title='bbox 198 1321 313 1416; x_wconf 81' lang='lat' dir='ltr'>sigillo</span> <span class='ocrx_word' id='word_1_43' title='bbox 334 1323 534 1398; x_wconf 79' lang='lat' dir='ltr'><strong>roboratam</strong></span> <span class='ocrx_word' id='word_1_44' title='bbox 557 1325 774 1409; x_wconf 90' lang='lat' dir='ltr'>obtinuerit;</span> <span class='ocrx_word' id='word_1_45' title='bbox 799 1324 931 1418; x_wconf 90' lang='lat' dir='ltr'>quiquo</span> <span class='ocrx_word' id='word_1_46' title='bbox 954 1332 1032 1395; x_wconf 92' lang='lat' dir='ltr'>tum</span> <span class='ocrx_word' id='word_1_47' title='bbox 1055 1331 1199 1416; x_wconf 87' lang='lat' dir='ltr'>propter</span> <span class='ocrx_word' id='word_1_48' title='bbox 1221 1320 1337 1392; x_wconf 85' lang='lat' dir='ltr'>emdi-</span> 
     </span>
     <span class='ocr_line' id='line_1_9' title="bbox 198 1437 1336 1522; baseline -0.001 -14"><span class='ocrx_word' id='word_1_49' title='bbox 198 1437 344 1522; x_wconf 85' lang='lat' dir='ltr'>tionem,</span> <span class='ocrx_word' id='word_1_50' title='bbox 367 1448 405 1511; x_wconf 88' lang='lat' dir='ltr'>et</span> <span class='ocrx_word' id='word_1_51' title='bbox 430 1443 614 1513; x_wconf 83' lang='lat' dir='ltr'>dexteram</span> <span class='ocrx_word' id='word_1_52' title='bbox 639 1443 677 1510; x_wconf 93' lang='lat' dir='ltr'>in</span> <span class='ocrx_word' id='word_1_53' title='bbox 702 1441 860 1512; x_wconf 91' lang='lat' dir='ltr'>docendo</span> <span class='ocrx_word' id='word_1_54' title='bbox 883 1439 1101 1522; x_wconf 75' lang='lat' dir='ltr'><strong>facultatem,</strong></span> <span class='ocrx_word' id='word_1_55' title='bbox 1124 1446 1203 1509; x_wconf 89' lang='lat' dir='ltr'>tum</span> <span class='ocrx_word' id='word_1_56' title='bbox 1226 1437 1336 1508; x_wconf 90' lang='lat' dir='ltr'>etiam</span> 
     </span>
     <span class='ocr_line' id='line_1_10' title="bbox 196 1555 1336 1654; baseline 0 -30"><span class='ocrx_word' id='word_1_57' title='bbox 196 1563 342 1647; x_wconf 90' lang='lat' dir='ltr'>propter</span> <span class='ocrx_word' id='word_1_58' title='bbox 373 1579 513 1628; x_wconf 89' lang='lat' dir='ltr'>momm</span> <span class='ocrx_word' id='word_1_59' title='bbox 541 1559 764 1654; x_wconf 68' lang='lat' dir='ltr'>grantatem,</span> <span class='ocrx_word' id='word_1_60' title='bbox 793 1563 831 1626; x_wconf 88' lang='lat' dir='ltr'>et</span> <span class='ocrx_word' id='word_1_61' title='bbox 859 1555 1112 1649; x_wconf 85' lang='lat' dir='ltr'>integritatem,</span> <span class='ocrx_word' id='word_1_62' title='bbox 1141 1578 1183 1625; x_wconf 89' lang='lat' dir='ltr'>ac</span> <span class='ocrx_word' id='word_1_63' title='bbox 1213 1575 1336 1626; x_wconf 85' lang='lat' dir='ltr'>rerum</span> 
     </span>
     <span class='ocr_line' id='line_1_11' title="bbox 196 1669 1380 1768; baseline -0.002 -27"><span class='ocrx_word' id='word_1_64' title='bbox 196 1669 339 1742; x_wconf 78' lang='lat' dir='ltr'>sincera</span> <span class='ocrx_word' id='word_1_65' title='bbox 355 1672 533 1768; x_wconf 80' lang='lat' dir='ltr'>religionis</span> <span class='ocrx_word' id='word_1_66' title='bbox 549 1673 773 1746; x_wconf 86' lang='lat' dir='ltr'>intellectum</span> <span class='ocrx_word' id='word_1_67' title='bbox 789 1681 893 1766; x_wconf 89' lang='lat' dir='ltr'>aptus</span> <span class='ocrx_word' id='word_1_68' title='bbox 905 1679 943 1743; x_wconf 88' lang='lat' dir='ltr'>et</span> <span class='ocrx_word' id='word_1_69' title='bbox 959 1672 1105 1742; x_wconf 89' lang='lat' dir='ltr'>idoneus</span> <span class='ocrx_word' id='word_1_70' title='bbox 1122 1669 1316 1765; x_wconf 88' lang='lat' dir='ltr'>reperietur</span> <span class='ocrx_word' id='word_1_71' title='bbox 1326 1692 1335 1753; x_wconf 88' lang='lat'>;</span> <span class='ocrx_word' id='word_1_72' title='bbox 1347 1699 1380 1739; x_wconf 83' lang='lat'>10</span> 
     </span>
     <span class='ocr_line' id='line_1_12' title="bbox 197 1786 1336 1884; baseline -0.002 -26"><span class='ocrx_word' id='word_1_73' title='bbox 197 1795 236 1858; x_wconf 88' lang='lat' dir='ltr'>et</span> <span class='ocrx_word' id='word_1_74' title='bbox 252 1788 404 1881; x_wconf 91' lang='lat' dir='ltr'>denique</span> <span class='ocrx_word' id='word_1_75' title='bbox 421 1791 483 1882; x_wconf 90' lang='lat' dir='ltr'>qui</span> <span class='ocrx_word' id='word_1_76' title='bbox 505 1791 619 1884; x_wconf 90' lang='lat' dir='ltr'>primo</span> <span class='ocrx_word' id='word_1_77' title='bbox 636 1799 674 1860; x_wconf 87' lang='lat' dir='ltr'>et</span> <span class='ocrx_word' id='word_1_78' title='bbox 697 1789 803 1860; x_wconf 86' lang='lat' dir='ltr'>tertio</span> <span class='ocrx_word' id='word_1_79' title='bbox 825 1787 981 1860; x_wconf 76' lang='lat' dir='ltr'><strong>articulis</strong></span> <span class='ocrx_word' id='word_1_80' title='bbox 1004 1810 1110 1881; x_wconf 88' lang='lat' dir='ltr'>supra</span> <span class='ocrx_word' id='word_1_81' title='bbox 1131 1786 1336 1858; x_wconf 89' lang='lat' dir='ltr'>memoratis</span> 
     </span>
     <span class='ocr_line' id='line_1_13' title="bbox 196 1903 1337 1998; baseline 0 -24"><span class='ocrx_word' id='word_1_82' title='bbox 196 1903 353 1998; x_wconf 77' lang='lat' dir='ltr'><strong>integris,</strong></span> <span class='ocrx_word' id='word_1_83' title='bbox 375 1929 417 1977; x_wconf 87' lang='lat' dir='ltr'>ac</span> <span class='ocrx_word' id='word_1_84' title='bbox 439 1905 584 1978; x_wconf 89' lang='lat' dir='ltr'>secundi</span> <span class='ocrx_word' id='word_1_85' title='bbox 607 1906 745 1977; x_wconf 90' lang='lat' dir='ltr'>duobus</span> <span class='ocrx_word' id='word_1_86' title='bbox 773 1905 946 1998; x_wconf 77' lang='lat' dir='ltr'>prioribus</span> <span class='ocrx_word' id='word_1_87' title='bbox 971 1903 1138 1976; x_wconf 84' lang='lat' dir='ltr'>membris</span> <span class='ocrx_word' id='word_1_88' title='bbox 1163 1903 1337 1996; x_wconf 81' lang='lat' dir='ltr'>subscrip</span> 
     </span>
     <span class='ocr_line' id='line_1_14' title="bbox 198 2021 292 2091; baseline -0.011 0"><span class='ocrx_word' id='word_1_89' title='bbox 198 2021 292 2091; x_wconf 86' lang='lat' dir='ltr'>serit.</span> 
     </span>
    </p>
   </div>
   <div class='ocr_carea' id='block_1_5' title="bbox 197 2215 1378 2434">
    <p class='ocr_par' dir='ltr' id='par_1_5' title="bbox 197 2215 1378 2434">
     <span class='ocr_line' id='line_1_15' title="bbox 197 2215 1335 2295; baseline -0.002 -5"><span class='ocrx_word' id='word_1_90' title='bbox 197 2218 422 2293; x_wconf 87' lang='lat' dir='ltr'>LXXVIII.</span> <span class='ocrx_word' id='word_1_91' title='bbox 450 2219 576 2295; x_wconf 79' lang='lat' dir='ltr'>Cureti</span> <span class='ocrx_word' id='word_1_92' title='bbox 592 2221 640 2294; x_wconf 89' lang='lat' dir='ltr'>ud</span> <span class='ocrx_word' id='word_1_93' title='bbox 654 2219 840 2293; x_wconf 74' lang='lat' dir='ltr'>docerzdum</span> <span class='ocrx_word' id='word_1_94' title='bbox 857 2217 984 2293; x_wconf 77' lang='lat' dir='ltr'>labiles</span> <span class='ocrx_word' id='word_1_95' title='bbox 1001 2215 1042 2292; x_wconf 79' lang='lat' dir='ltr'>ub</span> <span class='ocrx_word' id='word_1_96' title='bbox 1059 2217 1241 2290; x_wconf 76' lang='lat' dir='ltr'>ordinario</span> <span class='ocrx_word' id='word_1_97' title='bbox 1254 2215 1335 2288; x_wconf 79' lang='lat' dir='ltr'>aliia</span> 
     </span>
     <span class='ocr_line' id='line_1_16' title="bbox 650 2335 1378 2434; baseline -0.003 -26"><span class='ocrx_word' id='word_1_98' title='bbox 650 2335 876 2434; x_wconf 70' lang='lat' dir='ltr'>praescrmdi.</span> <span class='ocrx_word' id='word_1_99' title='bbox 1345 2366 1378 2424; x_wconf 88' lang='lat'>15</span> 
     </span>
    </p>
   </div>
   <div class='ocr_carea' id='block_1_6' title="bbox 187 2485 1377 4096">
    <p class='ocr_par' dir='ltr' id='par_1_6' title="bbox 187 2485 1377 4096">
     <span class='ocr_line' id='line_1_17' title="bbox 248 2485 1335 2582; baseline 0 -26"><span class='ocrx_word' id='word_1_100' title='bbox 248 2485 294 2556; x_wconf 95' lang='lat' dir='ltr'>In</span> <span class='ocrx_word' id='word_1_101' title='bbox 313 2488 410 2558; x_wconf 89' lang='lat' dir='ltr'>omni</span> <span class='ocrx_word' id='word_1_102' title='bbox 431 2488 579 2560; x_wconf 85' lang='lat' dir='ltr'>ecclesia</span> <span class='ocrx_word' id='word_1_103' title='bbox 601 2487 801 2582; x_wconf 80' lang='lat' dir='ltr'>parochiali.</span> <span class='ocrx_word' id='word_1_104' title='bbox 819 2487 876 2558; x_wconf 88' lang='lat' dir='ltr'>vel</span> <span class='ocrx_word' id='word_1_105' title='bbox 893 2485 1038 2579; x_wconf 74' lang='lat' dir='ltr'>capella,</span> <span class='ocrx_word' id='word_1_106' title='bbox 1055 2487 1092 2558; x_wconf 91' lang='lat' dir='ltr'>in</span> <span class='ocrx_word' id='word_1_107' title='bbox 1109 2509 1179 2578; x_wconf 87' lang='lat' dir='ltr'>qua</span> <span class='ocrx_word' id='word_1_108' title='bbox 1194 2493 1335 2558; x_wconf 86' lang='lat' dir='ltr'>curatus</span> 
     </span>
     <span class='ocr_line' id='line_1_18' title="bbox 197 2601 1336 2698; baseline -0.004 -22"><span class='ocrx_word' id='word_1_109' title='bbox 197 2602 373 2687; x_wconf 85' lang='lat' dir='ltr'>extiterit,</span> <span class='ocrx_word' id='word_1_110' title='bbox 396 2605 456 2695; x_wconf 92' lang='lat' dir='ltr'>qui</span> <span class='ocrx_word' id='word_1_111' title='bbox 481 2605 519 2674; x_wconf 92' lang='lat' dir='ltr'>in</span> <span class='ocrx_word' id='word_1_112' title='bbox 543 2604 736 2698; x_wconf 79' lang='lat' dir='ltr'>magisterii</span> <span class='ocrx_word' id='word_1_113' title='bbox 761 2611 824 2675; x_wconf 90' lang='lat' dir='ltr'>aut</span> <span class='ocrx_word' id='word_1_114' title='bbox 853 2601 1093 2676; x_wconf 86' lang='lat' dir='ltr'>baoalaraatus</span> <span class='ocrx_word' id='word_1_115' title='bbox 1116 2603 1228 2696; x_wconf 84' lang='lat' dir='ltr'>gradu</span> <span class='ocrx_word' id='word_1_116' title='bbox 1253 2625 1336 2674; x_wconf 91' lang='lat' dir='ltr'>con·</span> 
     </span>
     <span class='ocr_line' id='line_1_19' title="bbox 197 2719 1335 2813; baseline -0.002 -21"><span class='ocrx_word' id='word_1_117' title='bbox 197 2721 354 2802; x_wconf 82' lang='lat' dir='ltr'>stitutus,</span> <span class='ocrx_word' id='word_1_118' title='bbox 371 2719 429 2791; x_wconf 86' lang='lat' dir='ltr'>vel</span> <span class='ocrx_word' id='word_1_119' title='bbox 446 2720 531 2792; x_wconf 90' lang='lat' dir='ltr'>alias</span> <span class='ocrx_word' id='word_1_120' title='bbox 550 2720 677 2793; x_wconf 89' lang='lat' dir='ltr'>babilis</span> <span class='ocrx_word' id='word_1_121' title='bbox 694 2722 739 2793; x_wconf 91' lang='lat' dir='ltr'>ad</span> <span class='ocrx_word' id='word_1_122' title='bbox 756 2721 955 2792; x_wconf 89' lang='lat' dir='ltr'>docendum</span> <span class='ocrx_word' id='word_1_123' title='bbox 978 2719 1034 2803; x_wconf 88' lang='lat' dir='ltr'>sit,</span> <span class='ocrx_word' id='word_1_124' title='bbox 1053 2728 1091 2789; x_wconf 90' lang='lat' dir='ltr'>et</span> <span class='ocrx_word' id='word_1_125' title='bbox 1107 2720 1152 2789; x_wconf 89' lang='lat' dir='ltr'>ad</span> <span class='ocrx_word' id='word_1_126' title='bbox 1174 2720 1335 2813; x_wconf 83' lang='lat' dir='ltr'>augenda</span> 
     </span>
     <span class='ocr_line' id='line_1_20' title="bbox 197 2835 1334 2929; baseline 0 -24"><span class='ocrx_word' id='word_1_127' title='bbox 197 2837 312 2906; x_wconf 83' lang='lat' dir='ltr'>rictus</span> <span class='ocrx_word' id='word_1_128' title='bbox 340 2837 394 2907; x_wconf 88' lang='lat' dir='ltr'>sui</span> <span class='ocrx_word' id='word_1_129' title='bbox 426 2836 589 2920; x_wconf 90' lang='lat' dir='ltr'>subsidia,</span> <span class='ocrx_word' id='word_1_130' title='bbox 618 2859 814 2929; x_wconf 86' lang='lat' dir='ltr'>puerosque</span> <span class='ocrx_word' id='word_1_131' title='bbox 844 2837 881 2906; x_wconf 93' lang='lat' dir='ltr'>in</span> <span class='ocrx_word' id='word_1_132' title='bbox 910 2835 1088 2929; x_wconf 80' lang='lat' dir='ltr'>principiis</span> <span class='ocrx_word' id='word_1_133' title='bbox 1117 2843 1222 2906; x_wconf 85' lang='lat' dir='ltr'>rectae</span> <span class='ocrx_word' id='word_1_134' title='bbox 1251 2835 1334 2906; x_wconf 87' lang='lat' dir='ltr'>fidei</span> 
     </span>
     <span class='ocr_line' id='line_1_21' title="bbox 197 2951 1377 3048; baseline -0.004 -26"><span class='ocrx_word' id='word_1_135' title='bbox 197 2951 444 3035; x_wconf 89' lang='lat' dir='ltr'>instituendos,</span> <span class='ocrx_word' id='word_1_136' title='bbox 461 2975 603 3047; x_wconf 87' lang='lat' dir='ltr'>operam</span> <span class='ocrx_word' id='word_1_137' title='bbox 619 2976 818 3048; x_wconf 87' lang='lat' dir='ltr'>munusque</span> <span class='ocrx_word' id='word_1_138' title='bbox 834 2952 923 3024; x_wconf 88' lang='lat' dir='ltr'>illud</span> <span class='ocrx_word' id='word_1_139' title='bbox 940 2952 1089 3023; x_wconf 87' lang='lat' dir='ltr'>docendi</span> <span class='ocrx_word' id='word_1_140' title='bbox 1105 2951 1231 3023; x_wconf 88' lang='lat' dir='ltr'>lubens</span> <span class='ocrx_word' id='word_1_141' title='bbox 1248 2952 1377 3023; x_wconf 74' lang='lat' dir='ltr'>velita&gt;</span> 
     </span>
     <span class='ocr_line' id='line_1_22' title="bbox 198 3066 1334 3160; baseline 0 -21"><span class='ocrx_word' id='word_1_142' title='bbox 198 3067 398 3160; x_wconf 85' lang='lat' dir='ltr'>suscipere3</span> <span class='ocrx_word' id='word_1_143' title='bbox 424 3071 611 3140; x_wconf 75' lang='lat' dir='ltr'>statuimus</span> <span class='ocrx_word' id='word_1_144' title='bbox 628 3078 666 3142; x_wconf 90' lang='lat' dir='ltr'>et</span> <span class='ocrx_word' id='word_1_145' title='bbox 682 3070 893 3152; x_wconf 88' lang='lat' dir='ltr'>ordinamus,</span> <span class='ocrx_word' id='word_1_146' title='bbox 910 3077 952 3138; x_wconf 89' lang='lat' dir='ltr'>ut</span> <span class='ocrx_word' id='word_1_147' title='bbox 974 3067 1073 3138; x_wconf 88' lang='lat' dir='ltr'>nulla</span> <span class='ocrx_word' id='word_1_148' title='bbox 1095 3066 1243 3138; x_wconf 80' lang='lat' dir='ltr'>facultas</span> <span class='ocrx_word' id='word_1_149' title='bbox 1260 3069 1334 3139; x_wconf 82' lang='lat' dir='ltr'>sive</span> 
     </span>
     <span class='ocr_line' id='line_1_23' title="bbox 195 3183 1333 3278; baseline 0.002 -24"><span class='ocrx_word' id='word_1_150' title='bbox 195 3183 341 3255; x_wconf 88' lang='lat' dir='ltr'>licentia</span> <span class='ocrx_word' id='word_1_151' title='bbox 367 3184 413 3255; x_wconf 90' lang='lat' dir='ltr'>ad</span> <span class='ocrx_word' id='word_1_152' title='bbox 439 3206 567 3278; x_wconf 87' lang='lat' dir='ltr'>pueros</span> <span class='ocrx_word' id='word_1_153' title='bbox 591 3184 686 3256; x_wconf 91' lang='lat' dir='ltr'>illius</span> <span class='ocrx_word' id='word_1_154' title='bbox 714 3185 897 3278; x_wconf 77' lang='lat' dir='ltr'>parochia,</span> <span class='ocrx_word' id='word_1_155' title='bbox 922 3186 960 3255; x_wconf 91' lang='lat' dir='ltr'>in</span> <span class='ocrx_word' id='word_1_156' title='bbox 986 3207 1056 3278; x_wconf 90' lang='lat' dir='ltr'>qua</span> <span class='ocrx_word' id='word_1_157' title='bbox 1084 3184 1164 3255; x_wconf 87' lang='lat' dir='ltr'>talis</span> <span class='ocrx_word' id='word_1_158' title='bbox 1191 3192 1333 3256; x_wconf 89' lang='lat' dir='ltr'>curatus</span> 
     </span>
     <span class='ocr_line' id='line_1_24' title="bbox 196 3299 1333 3392; baseline -0.003 -21"><span class='ocrx_word' id='word_1_159' title='bbox 196 3301 337 3384; x_wconf 87' lang='lat' dir='ltr'>existet,</span> <span class='ocrx_word' id='word_1_160' title='bbox 350 3300 559 3373; x_wconf 91' lang='lat' dir='ltr'>erudiendos</span> <span class='ocrx_word' id='word_1_161' title='bbox 575 3302 686 3372; x_wconf 78' lang='lat' dir='ltr'>cmvis</span> <span class='ocrx_word' id='word_1_162' title='bbox 702 3302 769 3372; x_wconf 80' lang='lat' dir='ltr'>ulai</span> <span class='ocrx_word' id='word_1_163' title='bbox 787 3301 882 3372; x_wconf 89' lang='lat' dir='ltr'>dicto</span> <span class='ocrx_word' id='word_1_164' title='bbox 896 3308 1018 3370; x_wconf 89' lang='lat' dir='ltr'>curato</span> <span class='ocrx_word' id='word_1_165' title='bbox 1035 3321 1099 3392; x_wconf 89' lang='lat' dir='ltr'>per</span> <span class='ocrx_word' id='word_1_166' title='bbox 1110 3299 1179 3369; x_wconf 92' lang='lat' dir='ltr'>loci</span> <span class='ocrx_word' id='word_1_167' title='bbox 1196 3299 1333 3369; x_wconf 86' lang='lat' dir='ltr'>ordina·</span> 
     </span>
     <span class='ocr_line' id='line_1_25' title="bbox 195 3416 1333 3510; baseline -0.003 -22"><span class='ocrx_word' id='word_1_168' title='bbox 195 3416 287 3488; x_wconf 89' lang='lat' dir='ltr'>rium</span> <span class='ocrx_word' id='word_1_169' title='bbox 305 3417 527 3490; x_wconf 87' lang='lat' dir='ltr'>concedatur.</span> <span class='ocrx_word' id='word_1_170' title='bbox 579 3417 724 3490; x_wconf 79' lang='lat' dir='ltr'>vatso</span> <span class='ocrx_word' id='word_1_171' title='bbox 750 3439 896 3510; x_wconf 84' lang='lat' dir='ltr'>semper,</span> <span class='ocrx_word' id='word_1_172' title='bbox 914 3417 1010 3510; x_wconf 90' lang='lat' dir='ltr'>quod</span> <span class='ocrx_word' id='word_1_173' title='bbox 1036 3437 1186 3509; x_wconf 76' lang='lat' dir='ltr'>presens</span> <span class='ocrx_word' id='word_1_174' title='bbox 1204 3417 1333 3486; x_wconf 85' lang='lat' dir='ltr'>consti·</span> 
     </span>
     <span class='ocr_line' id='line_1_26' title="bbox 194 3532 1374 3628; baseline 0.005 -24"><span class='ocrx_word' id='word_1_175' title='bbox 194 3533 289 3604; x_wconf 87' lang='lat' dir='ltr'>tutio</span> <span class='ocrx_word' id='word_1_176' title='bbox 318 3535 364 3605; x_wconf 88' lang='lat' dir='ltr'>ad</span> <span class='ocrx_word' id='word_1_177' title='bbox 396 3535 598 3628; x_wconf 78' lang='lat' dir='ltr'>parochiam</span> <span class='ocrx_word' id='word_1_178' title='bbox 630 3535 785 3628; x_wconf 85' lang='lat' dir='ltr'>aliquam</span> <span class='ocrx_word' id='word_1_179' title='bbox 818 3533 875 3604; x_wconf 84' lang='lat' dir='ltr'>vel</span> <span class='ocrx_word' id='word_1_180' title='bbox 908 3532 1091 3627; x_wconf 88' lang='lat' dir='ltr'>capellam,</span> <span class='ocrx_word' id='word_1_181' title='bbox 1124 3533 1162 3602; x_wconf 90' lang='lat' dir='ltr'>in</span> <span class='ocrx_word' id='word_1_182' title='bbox 1195 3532 1331 3627; x_wconf 91' lang='lat' dir='ltr'>oppidis</span> <span class='ocrx_word' id='word_1_183' title='bbox 1340 3553 1374 3610; x_wconf 80' lang='lat'>25</span> 
     </span>
     <span class='ocr_line' id='line_1_27' title="bbox 193 3646 1330 3744; baseline 0.001 -26"><span class='ocrx_word' id='word_1_184' title='bbox 193 3646 368 3720; x_wconf 88' lang='lat' dir='ltr'>mralibus</span> <span class='ocrx_word' id='word_1_185' title='bbox 400 3649 515 3733; x_wconf 77' lang='lat' dir='ltr'>sitam</span> <span class='ocrx_word' id='word_1_186' title='bbox 548 3650 586 3720; x_wconf 88' lang='lat' dir='ltr'>in</span> <span class='ocrx_word' id='word_1_187' title='bbox 615 3673 686 3744; x_wconf 88' lang='lat' dir='ltr'>qua</span> <span class='ocrx_word' id='word_1_188' title='bbox 713 3648 833 3723; x_wconf 88' lang='lat' dir='ltr'>schola</span> <span class='ocrx_word' id='word_1_189' title='bbox 864 3649 1007 3744; x_wconf 88' lang='lat' dir='ltr'>publica</span> <span class='ocrx_word' id='word_1_190' title='bbox 1035 3650 1182 3721; x_wconf 79' lang='lat' dir='ltr'>fimdata</span> <span class='ocrx_word' id='word_1_191' title='bbox 1214 3649 1330 3732; x_wconf 71' lang='lat' dir='ltr'>morit,</span> 
     </span>
     <span class='ocr_line' id='line_1_28' title="bbox 195 3763 1332 3860; baseline 0.004 -26"><span class='ocrx_word' id='word_1_192' title='bbox 195 3763 343 3836; x_wconf 90' lang='lat' dir='ltr'>minime</span> <span class='ocrx_word' id='word_1_193' title='bbox 375 3765 590 3857; x_wconf 83' lang='lat' dir='ltr'>pertinebit3</span> <span class='ocrx_word' id='word_1_194' title='bbox 633 3789 702 3860; x_wconf 93' lang='lat' dir='ltr'>quo</span> <span class='ocrx_word' id='word_1_195' title='bbox 736 3789 819 3838; x_wconf 87' lang='lat' dir='ltr'>casu</span> <span class='ocrx_word' id='word_1_196' title='bbox 852 3775 1127 3839; x_wconf 87' lang='lat' dir='ltr'>consentaneum</span> <span class='ocrx_word' id='word_1_197' title='bbox 1158 3767 1332 3852; x_wconf 85' lang='lat' dir='ltr'>ducimus,</span> 
     </span>
     <span class='ocr_line' id='line_1_29' title="bbox 194 3878 1331 3976; baseline 0.004 -26"><span class='ocrx_word' id='word_1_198' title='bbox 194 3878 376 3952; x_wconf 88' lang='lat' dir='ltr'>licentiam</span> <span class='ocrx_word' id='word_1_199' title='bbox 392 3881 437 3952; x_wconf 91' lang='lat' dir='ltr'>ad</span> <span class='ocrx_word' id='word_1_200' title='bbox 452 3883 720 3976; x_wconf 76' lang='lat' dir='ltr'>grammaticam</span> <span class='ocrx_word' id='word_1_201' title='bbox 737 3881 869 3954; x_wconf 88' lang='lat' dir='ltr'>ibidem</span> <span class='ocrx_word' id='word_1_202' title='bbox 886 3883 1081 3954; x_wconf 86' lang='lat' dir='ltr'>docendam</span> <span class='ocrx_word' id='word_1_203' title='bbox 1098 3883 1230 3959; x_wconf 90' lang='lat' dir='ltr'>nemini</span> <span class='ocrx_word' id='word_1_204' title='bbox 1247 3906 1331 3955; x_wconf 89' lang='lat' dir='ltr'>con·</span> 
     </span>
     <span class='ocr_line' id='line_1_30' title="bbox 187 3997 1146 4096; baseline 0.001 -28"><span class='ocrx_word' id='word_1_205' title='bbox 187 3997 283 4082; x_wconf 88' lang='lat' dir='ltr'>cedi,</span> <span class='ocrx_word' id='word_1_206' title='bbox 300 4005 532 4090; x_wconf 76' lang='lat' dir='ltr'>preterquam</span> <span class='ocrx_word' id='word_1_207' title='bbox 548 3997 697 4092; x_wconf 85' lang='lat' dir='ltr'>publicae</span> <span class='ocrx_word' id='word_1_208' title='bbox 714 3997 808 4070; x_wconf 91' lang='lat' dir='ltr'>illius</span> <span class='ocrx_word' id='word_1_209' title='bbox 825 3999 952 4072; x_wconf 78' lang='lat' dir='ltr'>schola</span> <span class='ocrx_word' id='word_1_210' title='bbox 967 4001 1146 4096; x_wconf 61' lang='lat' dir='ltr'>magistro.</span> 
     </span>
    </p>
   </div>
   <div class='ocr_carea' id='block_1_7' title="bbox 422 4193 1372 4297">
    <p class='ocr_par' dir='ltr' id='par_1_7' title="bbox 422 4193 1372 4297">
     <span class='ocr_line' id='line_1_31' title="bbox 422 4193 1372 4297; baseline 0.003 -29"><span class='ocrx_word' id='word_1_211' title='bbox 422 4193 609 4269; x_wconf 70' lang='lat' dir='ltr'>LXXIX</span> <span class='ocrx_word' id='word_1_212' title='bbox 630 4195 969 4297; x_wconf 73' lang='lat' dir='ltr'>Ludimupiatrowm</span> <span class='ocrx_word' id='word_1_213' title='bbox 985 4199 1105 4294; x_wconf 64' lang='lat' dir='ltr'>(fidu.</span> <span class='ocrx_word' id='word_1_214' title='bbox 1336 4224 1372 4280; x_wconf 80' lang='lat'>30</span> 
     </span>
    </p>
   </div>
   <div class='ocr_carea' id='block_1_8' title="bbox 244 4342 1329 4443">
    <p class='ocr_par' dir='ltr' id='par_1_8' title="bbox 244 4342 1329 4443">
     <span class='ocr_line' id='line_1_32' title="bbox 244 4342 1329 4443; baseline 0.005 -29"><span class='ocrx_word' id='word_1_215' title='bbox 244 4342 495 4440; x_wconf 78' lang='lat' dir='ltr'>Ludimagistn&#39;</span> <span class='ocrx_word' id='word_1_216' title='bbox 517 4371 640 4420; x_wconf 90' lang='lat' dir='ltr'>omnes</span> <span class='ocrx_word' id='word_1_217' title='bbox 659 4371 786 4443; x_wconf 88' lang='lat' dir='ltr'>pueros</span> <span class='ocrx_word' id='word_1_218' title='bbox 808 4372 889 4421; x_wconf 92' lang='lat' dir='ltr'>suos</span> <span class='ocrx_word' id='word_1_219' title='bbox 905 4349 1159 4422; x_wconf 83' lang='lat' dir='ltr'>catechismum</span> <span class='ocrx_word' id='word_1_220' title='bbox 1176 4348 1232 4421; x_wconf 81' lang='lat' dir='ltr'>vel</span> <span class='ocrx_word' id='word_1_221' title='bbox 1254 4373 1329 4421; x_wconf 87' lang='lat' dir='ltr'>am-</span> 
     </span>
    </p>
   </div>
   <div class='ocr_carea' id='block_1_9' title="bbox 191 4460 1330 4649">
    <p class='ocr_par' dir='ltr' id='par_1_9' title="bbox 191 4460 1330 4649">
     <span class='ocr_line' id='line_1_33' title="bbox 191 4460 1330 4558; baseline 0.006 -27"><span class='ocrx_word' id='word_1_222' title='bbox 191 4460 352 4554; x_wconf 90' lang='lat' dir='ltr'>pliorem,</span> <span class='ocrx_word' id='word_1_223' title='bbox 373 4462 430 4534; x_wconf 87' lang='lat' dir='ltr'>vel</span> <span class='ocrx_word' id='word_1_224' title='bbox 452 4463 649 4537; x_wconf 86' lang='lat' dir='ltr'>breviorem</span> <span class='ocrx_word' id='word_1_225' title='bbox 667 4464 810 4558; x_wconf 90' lang='lat' dir='ltr'>publica</span> <span class='ocrx_word' id='word_1_226' title='bbox 829 4467 1040 4538; x_wconf 85' lang='lat' dir='ltr'>auctoritate</span> <span class='ocrx_word' id='word_1_227' title='bbox 1063 4465 1234 4539; x_wconf 86' lang='lat' dir='ltr'>hactenus</span> <span class='ocrx_word' id='word_1_228' title='bbox 1255 4467 1330 4538; x_wconf 89' lang='lat' dir='ltr'>edi-</span> 
     </span>
     <span class='ocr_line' id='line_1_34' title="bbox 751 4603 770 4649; baseline 0 0"><span class='ocrx_word' id='word_1_229' title='bbox 751 4603 770 4649; x_wconf 73' lang='lat' dir='ltr'>a</span> 
     </span>
    </p>
   </div>
   <div class='ocr_carea' id='block_1_10' title="bbox 0 0 1574 4972">
    <p class='ocr_par' dir='ltr' id='par_1_10' title="bbox 0 0 1574 4972">
     <span class='ocr_line' id='line_1_35' title="bbox 0 0 1574 4972; baseline 0 1"><span class='ocrx_word' id='word_1_230' title='bbox 0 0 1574 4972; x_wconf 95' lang='lat' dir='ltr'> </span> 
     </span>
    </p>
   </div>
  </div>
 </body>
</html>
