3118 4968
7 75 22 146 t

198 205 307 290 1571]
431 205 646 270 Cautum
658 205 726 269 aud
738 206 860 271 cauom
872 201 1107 269 Eoeuiautcat
1273 198 1334 262 181

195 375 276 462 Dei,
309 388 348 450 et
381 387 552 472 tanquam
590 380 790 451 membrum
830 387 1032 450 emortuum
1075 383 1275 469 amputasse
1315 396 1336 444 a

194 493 327 565 Christi
344 517 500 588 corpore.
550 494 632 566 Hoe
654 495 716 566 ilie
733 497 771 566 in
793 505 889 568 statu
906 504 1065 566 versatur
1080 494 1152 574 hoc,
1164 501 1335 584 tempore,

193 618 231 680 et
254 611 292 678 in
308 619 410 682 tanto
432 612 632 682 discrimine
654 613 779 683 animae
796 635 876 684 suae.
928 610 1042 682 Divus
1059 610 1192 680 Paulus
1214 608 1336 679 admo-

193 725 289 797 nitus
311 727 482 798 instinctu
506 727 615 798 divini
638 727 803 820 Spiritus,
815 730 921 823 jubet
938 738 980 799 ut
1000 727 1127 799 talium
1150 726 1335 797 hominum

193 843 411 928 societatem,
428 852 466 913 et
489 845 718 916 contubernia
740 844 927 939 fugiamus,
948 869 994 916 ne
1016 844 1203 938 participes
1226 843 1361 912 simus5

193 959 351 1051 ejusdem
364 957 515 1030 sceleris.
549 959 693 1044 Tamen,
705 971 748 1032 ut
761 961 950 1032 christiana
962 960 1113 1032 charitas
1125 981 1189 1030 nos
1201 965 1334 1039 monet,

193 1077 359 1168 quoniam
376 1077 451 1169 ipse
467 1099 531 1170 pro
554 1099 591 1147 se
614 1079 704 1149 orari
726 1100 799 1148 non
815 1076 903 1161 vult,
924 1101 989 1148 nee
1011 1076 1207 1171 periculum
1230 1097 1334 1146 suum

192 1191 372 1286 intelligit,
391 1213 531 1264 oremus
549 1191 668 1263 Deum
685 1216 808 1264 omnes
825 1195 901 1287 ejus
918 1195 1070 1276 nomine,
1087 1201 1128 1262 ut
1145 1189 1334 1283 aliquando

192 1317 359 1402 agnoscat
382 1309 568 1393 miseriam,
586 1319 625 1380 et
641 1311 839 1382 foeditatem
864 1311 945 1381 vitae
962 1333 1041 1392 suae,
1060 1319 1098 1380 et
1121 1317 1204 1402 agat
1223 1307 1335 1400 poeni·

193 1425 353 1508 tentiam,
371 1433 409 1496 et
432 1435 659 1498 eonvertatur
680 1426 726 1496 ad
743 1424 882 1498 Deum:
909 1426 1008 1498 Deus
1025 1427 1120 1496 enim
1142 1431 1263 1494 noster
1279 1430 1334 1494 est
1346 1442 1379 1482 10

192 1543 399 1625 misericors,
417 1551 454 1614 et
471 1551 590 1636 potest
606 1541 721 1635 lapsos
738 1543 846 1614 etiam
864 1565 886 1614 a
901 1551 1016 1613 morte
1032 1563 1206 1612 revocare.

245 1757 527 1853 Subscriptiones
549 1760 888 1854 archiepiscoporum
906 1771 943 1832 et
964 1762 1207 1855 episcoporum
1230 1779 1335 1828 eano-

194 1875 297 1947 uibus
314 1875 416 1947 factis
433 1895 617 1946 mnuxxu

245 1990 441 2063 Matthaeus
469 1992 695 2064 Centaurion.
749 1992 958 2064 Edmundus
993 1992 1098 2064 Ebor.
1128 1991 1241 2061 subse.
1271 2011 1335 2082 per

196 2107 305 2180 Mau.
322 2110 426 2180 Cant.
444 2132 580 2202 procur.
1346 2124 1378 2181 ¹5

245 2226 414 2297 Edwinus
431 2225 591 2297 London.

246 2343 393 2415 Robert.
411 2342 577 2414 Wiuton.
593 2341 618 2412 J
619 2341 750 2412 acobus
766 2338 933 2411 Dunelm.
952 2338 1156 2432 subscripsit
1167 2359 1231 2430 per
1243 2333 1334 2405 Rob.

196 2456 360 2529 Wintou.
377 2481 514 2552 procur.

243 2575 302 2646 Jo.
321 2575 508 2648 Hereford.

245 2691 441 2764 Richardus
461 2691 575 2763 Elian.
1324 2753 1326 2760 Α
1346 2708 1380 2748 20

245 2807 329 2879 Nic.
352 2808 515 2904 Wigom.
542 2807 751 2879 Edmundus
777 2805 1020 2898 Petriburgeu.
1045 2801 1249 2894 subscripsit
1273 2822 1337 2893 per

197 2923 280 2996 Nie.
298 2924 462 3019 Wigom.

243 3040 302 3112 Jo.
322 3039 553 3112 Sarisburien.

246 3155 305 3228 Ri.
324 3156 514 3228 Meneven.
550 3154 680 3226 Guliel.
698 3155 858 3226 Cestren.

245 3273 350 3344 Edm.
369 3271 507 3344 Roffen.

246 3387 342 3461 Gilb.
360 3388 466 3460 Bath.
483 3399 521 3461 et
539 3387 696 3459 Welleu.

244 3503 397 3576 Thomas
414 3505 593 3598 Coventry
609 3514 647 3575 et
665 3501 850 3576 Lichfield.
945 3575 948 3588 ,

244 3619 269 3690 J
271 3643 401 3692 oannes
419 3619 575 3692 Norwie.

246 3735 295 3806 N.
310 3735 460 3831 Bangor.
479 3737 633 3808 Thomas
649 3733 791 3829 Asssph
841 3735 1010 3828 subscrip.
1025 3757 1098 3828 per.
1110 3732 1160 3801 N.
1172 3729 1323 3825 Bangor.

481 3851 590 3948 Hugo
608 3852 763 3924 Laudaff
891 3875 1028 3946 proeur.
1047 3873 1161 3922 suum.
1344 3879 1380 3934 30

246 3968 290 4040 R.
308 3969 500 4041 Cieestreu.

245 4085 398 4156 Thomas
415 4085 575 4157 Liueoln.

247 4201 477 4274 Willhelmus
495 4201 609 4274 Exon.
