3156 4968
206 197 313 287 1604]
427 201 1116 280 marmannorum.
1276 203 1341 268 aaa

201 377 441 468 permanserit.
468 377 643 450 dictorum
672 379 855 452 ieodomm
885 380 1070 452 dimidium
1099 388 1239 452 tantum
1266 381 1341 450 exi-

200 497 315 586 gatur.

647 735 886 832 Appuritorcs.

321 941 583 1018 CXXXVIII.
621 944 874 1042 Appuritorum
891 969 1045 1018 eraesuu
1062 945 1210 1018 coerciti.

248 1091 424 1175 Quoniam
452 1097 652 1169 excessibus
681 1107 719 1168 et
743 1098 1011 1192 gravaminibus,
1037 1121 1115 1190 quae
1141 1120 1205 1190 per
1230 1113 1360 1189 appa-5

197 1207 322 1280 ritores
343 1210 463 1281 inferri
485 1212 660 1298 dicuntur,
682 1215 877 1285 remedium
900 1215 1061 1308 cupimus
1084 1215 1251 1285 adbibere
1274 1236 1336 1306 op-

195 1333 408 1418 portunum
426 1349 610 1400 censemus
622 1333 860 1424 apparitorum
872 1332 1148 1415 multitudinem,
1161 1339 1334 1423 quantum

195 1442 271 1514 fieri
304 1445 445 1536 poterit,
479 1448 767 1542 restringendam.
829 1448 1028 1521 statuimus
1057 1469 1141 1542 ergo
1171 1456 1210 1519 et
1243 1446 1335 1517 ordi·

195 1581 331 1644 namus,
347 1560 549 1634 nullatenus
565 1564 703 1635 licitum
720 1564 795 1636 fore
811 1565 983 1658 episeopis
996 1564 1053 1636 vel
1070 1563 1332 1647 archidiaconis,

195 1699 362 1748 eorumve
384 1679 520 1751 vicariis
544 1703 608 1751 seu
627 1681 842 1765 officialibus,
865 1680 1011 1773 aliisque
1031 1679 1252 1752 inferioribus
1278 1703 1334 1750 or·
1344 1702 1377 1741 10

194 1793 337 1866 dinariis
361 1795 531 1889 deputare
555 1804 593 1868 et
622 1795 753 1868 habere
782 1796 900 1890 plures
926 1797 1152 1891 apparitores,
1169 1796 1333 1890 jurisdic-

193 1909 349 1982 tionibus
374 1914 445 1984 suis
467 1914 662 2009 respective
687 1915 925 1999 inservientes,
949 1935 1056 2007 quam
1078 1921 1162 1984 ante
1187 1913 1333 2006 triginta

192 2047 303 2098 annos
315 2029 509 2120 praeteritos
521 2028 578 2100 vel
591 2029 666 2122 ipsi,
681 2029 737 2100 vel
749 2031 904 2124 ipsorum
917 2029 1185 2124 predecessores
1201 2026 1331 2099 babere

192 2153 470 2229 consueverunt3
487 2145 548 2238 qui
565 2167 687 2216 omnes
702 2167 767 2238 per
778 2168 817 2217 se
830 2167 932 2216 suum
945 2144 1098 2216 fideliter
1111 2152 1332 2238 exequantur

192 2257 357 2343 officium,
374 2283 440 2332 nec
462 2284 526 2354 per
541 2263 684 2334 nuntios
700 2271 763 2334 aut
779 2263 998 2346 substitutos,
1012 2283 1222 2354 quoeunque
1238 2285 1373 2354 quae-15

191 2373 259 2446 sito
276 2374 404 2464 colore,
423 2399 486 2449 sua
503 2378 579 2448 vice
594 2378 840 2450 mandatorum
860 2379 1087 2449 executiones
1103 2376 1327 2462 demandent,

190 2498 254 2562 aut
270 2492 488 2584 permittant,
504 2494 571 2566 nisi
587 2518 634 2566 ex
650 2517 755 2566 eausa
770 2518 792 2567 a
807 2495 876 2566 loci
890 2495 1062 2566 ordinario
1079 2494 1175 2588 prius
1187 2493 1329 2588 cognita

191 2614 229 2678 et
248 2609 461 2700 approbata;
487 2633 603 2704 neque
620 2633 702 2683 vero
723 2620 964 2704 promotorum
986 2610 1101 2693 officii,
1119 2609 1175 2680 vel
1193 2610 1329 2680 denun-

190 2723 361 2796 ciatorum
385 2749 549 2820 personas
569 2730 711 2799 omnino
732 2727 966 2812 sustinebunt,
990 2726 1137 2799 feodave
1158 2726 1329 2820 ampliora

189 2837 248 2909 vel
269 2841 412 2932 majora,
433 2865 540 2938 quam
561 2867 641 2938 quoe
663 2844 718 2916 his
738 2845 1049 2916 constitutionibus
1075 2843 1233 2936 superius
1258 2851 1371 2944 sta-20

190 2964 348 3042 tuuntur,
381 2959 559 3033 ullatenus
591 2962 747 3058 exigent.
797 2961 933 3045 Quodsi
967 2960 1024 3030 vel
1058 2959 1185 3053 plures,
1220 2981 1326 3051 quam

188 3073 348 3166 superius
374 3085 430 3148 est
453 3100 668 3172 expressum,
696 3078 857 3172 deputati
883 3077 1076 3160 extiterint,
1102 3075 1161 3146 vel
1185 3074 1326 3146 illorum

188 3188 296 3282 aliqui
319 3195 495 3286 praemissa
517 3195 744 3280 violares-inm
771 3195 990 3288 deputantes,
1012 3195 1041 3265 si
1064 3193 1218 3287 episcopi
1242 3193 1325 3277 sint,

187 3327 252 3400 per
267 3310 480 3402 superiorem
498 3313 625 3382 moniti
641 3311 960 3406 supernumerarios
973 3311 1175 3394 dimittant3
1192 3310 1222 3380 si
1235 3307 1327 3379 ordi-

188 3425 275 3494 narii
306 3427 477 3520 episcopis
509 3427 700 3511 inferiores,
729 3427 774 3499 ab
807 3427 1016 3499 executione
1045 3426 1151 3497 officii
1183 3447 1325 3518 suspeu-
1334 3454 1367 3511 ²5

188 3540 326 3627 dantur,
353 3544 465 3616 donec
485 3544 685 3639 hujusmodi
711 3545 898 3638 deputatos
922 3543 1136 3615 amoverint:
1164 3541 1324 3634 deputati

186 3671 307 3730 autem
332 3661 398 3752 ipsi
423 3661 468 3733 ab
493 3662 730 3755 apparitorum
754 3660 869 3732 officio
891 3667 1122 3731 amoveantur
1140 3669 1328 3752 perpetuo,

186 3782 224 3844 et
242 3774 271 3845 si
292 3777 402 3846 amoti
419 3799 490 3848 non
506 3778 688 3864 desistant,
705 3787 873 3869 tanquam
894 3785 1130 3859 contumaees,
1148 3774 1324 3847 canonicis

186 3890 341 3962 censuris
374 3901 629 3978 coerceantur;
669 3895 808 3986 proviso
848 3915 995 3988 semper,
1029 3893 1153 3985 quodsi
1190 3890 1323 3963 arehie-

185 4006 349 4100 piscopus
374 4007 635 4080 Cantuariensis
659 4010 878 4102 experientia
903 4019 1124 4103 compertum
1148 4007 1365 4096 habueritne

184 4125 423 4218 apparitorum
448 4148 635 4196 numerum
660 4125 697 4196 in
720 4125 837 4218 aliqua
856 4125 997 4198 dioecesi
1018 4125 1222 4208 redundare,
1242 4131 1321 4193 tum

185 4262 327 4311 omnem
345 4241 516 4335 ejusmodi
540 4241 808 4314 redundantiam
825 4244 920 4315 dioto
942 4243 1200 4337 archiepiscopo
1215 4239 1322 4312 relin-

184 4357 334 4450 quimus,
351 4379 415 4451 pro
431 4358 539 4451 ipsius
554 4357 776 4452 beneplacito
793 4359 1031 4431 minuendam.

723 4491 776 4536 aa
