3140 4972
197 241 306 328 1604]
420 245 637 312 Constitutione
651 247 719 311 ond
735 249 856 312 Conona
871 241 1113 310 Ecclesiasticcl.
1273 239 1336 308 195

192 417 397 511 episcopum
414 421 661 508 dioecesanum,
678 423 735 494 vel
752 424 822 495 loci
843 422 1057 494 ordinarium
1074 415 1336 512 quamprimum

191 533 372 606 admoneri
396 536 567 622 volumus,
584 548 626 609 ut
648 539 841 610 eorundem
857 539 937 609 usui
961 547 999 607 ct
1022 536 1150 606 debita
1174 532 1337 614 observa-

190 649 281 720 tioni
309 674 347 722 se
369 653 566 725 submittat.
618 654 763 739 Quodsi,
791 653 854 724 tali
878 651 1118 724 admonitione
1144 648 1334 743 praemissa,

189 765 282 837 infra
304 791 463 841 mensem
486 794 524 842 se
546 774 692 843 minime
712 771 920 854 reformarit,
944 769 1100 862 ejusdem
1126 764 1334 836 facultatem

171 881 264 952 «sive
289 883 470 956 licentiam
495 888 540 958 ad
566 889 844 960 concionandum
870 910 913 959 eo
938 887 1015 980 ipso
1037 883 1172 954 irritam
1195 901 1271 951 esse
1296 887 1359 953 et5

189 1023 253 1093 pro
270 1001 369 1075 nulla
384 1003 582 1076 habendam
600 1005 830 1078 decernimus.

189 1197 271 1272 LV.
312 1200 533 1276 Precationis
544 1203 706 1301 smmnto
723 1227 745 1276 o
761 1201 1056 1276 concionatoribus
1075 1202 1114 1272 in
1131 1199 1331 1271 concionum

498 1345 641 1393 sacrm
660 1323 815 1420 inpressu
832 1318 1014 1393 imitando.

156 1563 157 1568 1
239 1481 374 1558 Omnes
390 1490 654 1561 concionatores
671 1499 709 1561 et
729 1489 882 1560 ministri
899 1490 937 1559 in
957 1488 1056 1559 aditu
1074 1486 1244 1578 cujusque
1261 1505 1331 1553 suae

186 1603 376 1690 concionis,
403 1604 559 1689 lecturae,
583 1614 621 1677 et
645 1605 798 1677 homiliae
823 1603 993 1699 populum
1018 1602 1263 1681 hortabuntur,
1288 1605 1330 1668 ut
1341 1630 1375 1670 10

185 1739 307 1789 secum
325 1721 362 1790 in
379 1723 541 1815 precibus
557 1731 742 1794 concurrat
759 1725 797 1794 in
813 1723 908 1794 hunc
925 1730 988 1793 aut
1004 1719 1154 1792 similem
1172 1718 1328 1825 modum,

185 1833 293 1925 idque
324 1839 511 1930 (quantum
544 1838 643 1935 licet)
674 1840 864 1910 summaria
895 1838 1090 1909 brevitate:
1131 1833 1336 1904 Precamini

184 1971 249 2042 pro
266 1951 398 2024 Christi
421 1963 542 2028 sancta
564 1956 713 2028 ccclesia
735 1954 919 2040 catholica,
937 1955 973 2026 id
994 1962 1061 2038 est,
1078 1976 1141 2045 pro
1163 1950 1329 2021 universo

184 2077 281 2138 coetu
297 2069 477 2142 christiani
494 2072 615 2167 populi
638 2096 702 2167 per
717 2073 838 2144 orbem
861 2082 1034 2144 terrarum
1051 2068 1168 2140 diffusi
1193 2089 1235 2138 ac
1260 2067 1329 2137 dis-

184 2186 361 2271 seminati,
392 2189 591 2281 specialiter
620 2213 703 2260 vero
729 2213 793 2284 pro
821 2189 978 2262 ecclesiis
1007 2184 1159 2281 Angliae,
1188 2183 1370 2272 Scotiae,15

183 2308 222 2371 et
240 2300 442 2388 Hiberniae;
466 2313 504 2376 et
520 2306 558 2376 in
574 2305 630 2378 his
646 2309 820 2402 precipue
836 2330 899 2402 pro
917 2305 1214 2378 excellentissima
1230 2302 1327 2396 regia

182 2418 380 2509 majestate,
393 2419 668 2494 clementissimo
682 2423 824 2493 domiuo
837 2430 957 2494 nostro
970 2421 994 2492 J
995 2420 1115 2504 acobo,
1130 2418 1199 2489 Dei
1213 2419 1327 2512 gratia

182 2532 333 2630 Angliaa
348 2537 487 2624 Scotiae,
502 2539 669 2625 Francia,
682 2549 720 2612 ct
732 2539 914 2611 Hibernia
928 2561 1023 2634 rege,
1035 2537 1118 2608 fidei
1132 2535 1324 2618 defensore,

183 2663 221 2720 et
244 2674 349 2746 super
373 2677 495 2728 omnes
521 2679 687 2750 personas
711 2659 749 2727 in
775 2657 938 2729 omnibus
966 2656 1088 2737 causis,
1116 2663 1192 2724 tam
1213 2651 1326 2724 eccle·

154 2768 338 2854 siasticis,
365 2794 471 2864 quam
497 2772 667 2856 civilibus,
690 2775 782 2845 infra
805 2797 915 2869 regna
936 2781 974 2845 et
1000 2770 1156 2842 dominia
1181 2790 1244 2840 sua
1268 2792 1325 2841 su·
1333 2803 1369 2843 20

179 2909 303 2979 premo
336 2889 581 2984 gubernatore.
633 2890 831 2963 Precamini
866 2891 976 2963 etiam
1006 2912 1070 2982 pro
1104 2886 1325 2958 serenissima

180 3005 302 3098 regina
330 3005 448 3088 Anna,
478 3006 696 3079 nobilissimo
725 3011 882 3103 principe
917 3007 1084 3087 Hearicu
1118 3002 1324 3095 reliquaque

180 3121 277 3213 regia
293 3121 413 3193 sobole
430 3121 674 3196 illustrissima.
717 3124 914 3196 Precamini
938 3123 1046 3194 etiam
1069 3141 1132 3212 pro
1154 3117 1323 3188 ministris

180 3219 290 3308 divini
308 3239 415 3322 verbi,
433 3250 470 3310 et
488 3249 796 3323 sacramentorum,
813 3248 888 3310 tam
909 3234 1178 3330 archiepiscopis
1195 3243 1233 3304 et
1249 3229 1323 3326 ¹epi-

179 3353 303 3445 scopis,
335 3375 441 3446 quam
472 3355 609 3425 cacteris
637 3353 836 3448 pastoribus
866 3361 903 3423 et
932 3353 1072 3424 curatis.
1123 3348 1366 3440 Precamini25

179 3466 288 3537 etiam
312 3491 376 3561 pro
401 3469 677 3542 honoratissimis
698 3470 802 3565 regiae
822 3470 1017 3562 majestatis
1038 3465 1253 3548 consiliariis,
1280 3489 1322 3537 ac

177 3585 389 3674 proceribus,
409 3595 446 3656 et
469 3586 734 3680 magistratibus
755 3583 860 3679 hujus
882 3585 981 3680 regni
1004 3584 1195 3666 universis3
1221 3590 1262 3652 ut
1283 3582 1322 3652 hi

178 3721 301 3771 omnes
318 3710 356 3772 et
373 3701 501 3797 singuli
518 3704 555 3772 in
573 3725 636 3773 sua
652 3703 800 3796 quisque
813 3703 1007 3784 vocatione,
1021 3701 1064 3772 ad
1080 3699 1149 3769 Dei
1161 3698 1320 3794 gloriam,

176 3816 369 3910 populique
390 3819 673 3903 aedificationem,
690 3829 728 3890 et
750 3828 884 3892 rectam
908 3818 1247 3891 administrationem
1269 3818 1321 3887 of·

176 3931 265 4002 ficiis
290 3935 362 4004 suis
387 3933 585 4030 diligenter,
610 3945 648 4008 et
676 3935 829 4008 fideliter
857 3937 1121 4032 perfungantur,
1144 3957 1320 4006 memores
1328 3971 1364 4026 30

176 4048 366 4119 reddendae
384 4050 470 4120 olim
486 4052 641 4136 rationis,
658 4075 739 4123 cum
760 4055 804 4124 ad
826 4053 957 4125 Christi
975 4051 1129 4124 tribunal
1153 4054 1321 4123 sistentur

170 4164 364 4255 judicandi.
416 4167 613 4238 Precamini
641 4169 749 4238 etiam
774 4193 838 4261 pro
864 4169 994 4264 populo
1020 4178 1057 4240 et
1087 4168 1190 4262 plebe
1215 4168 1319 4260 hujus

176 4281 275 4374 regni
301 4283 472 4367 universa,
489 4292 531 4353 ut
556 4284 593 4353 in
618 4307 701 4354 vera
721 4285 802 4369 fide,
822 4295 861 4356 et
884 4295 1005 4357 sancto
1030 4286 1157 4356 timore
1183 4284 1262 4366 Dei,
1281 4283 1318 4354 in

175 4395 301 4466 humili
319 4420 403 4492 erga
422 4423 543 4494 regem
560 4401 773 4484 obedientia,
791 4412 828 4472 et
849 4403 1003 4473 fraterna
1023 4425 1106 4496 erga
1127 4400 1317 4471 seinvicem

175 4499 348 4584 charitate
381 4515 491 4585 vitam
526 4539 625 4587 suam
656 4518 857 4626 instituanttv
905 4519 1090 4590 Postremo
1119 4519 1250 4612 gratias
1279 4526 1360 4590 etos

716 4653 736 4694 o
753 4649 771 4696 2
