3118 4968
262 213 305 280 rs
661 215 797 281 anea
808 216 1003 304 emme.
1341 218 1402 307 [v.

260 385 391 460 Mosen
408 388 538 483 (quoad
555 391 770 462 ceremonias
787 401 825 464 et
841 394 944 487 ritus)
962 393 1179 468 Christianos
1191 419 1263 466 non
1275 396 1401 468 astrin·

258 513 329 598 gat,
348 529 463 598 neque
481 506 600 578 ciuilia
612 507 688 578 eius
704 517 881 601 praecepta
896 509 934 580 iu
950 509 1068 604 aliqua
1083 511 1265 604 republica
1280 534 1402 584 neces

258 618 349 692 sario
378 623 486 716 recipi
516 623 678 706 debcant,
708 622 936 697 nihilominus
966 634 1087 700 tamen
1118 628 1164 698 ab
1198 629 1401 701 obedientia

257 738 504 810 mandatorum
522 741 617 832 (quae
641 739 788 811 moralia
811 747 996 834 vocantur)
1015 742 1148 834 (nullus
1171 747 1400 838 quantumuis

257 853 494 949 Christianus)
512 864 566 927 est
583 856 730 926 solutus.
1407 890 1425 950 5

591 1059 625 1126 8.
675 1052 733 1126 De
750 1053 859 1128 tribus
874 1055 1057 1153 Syctbolis.

306 1205 474 1298 Symbola
487 1207 563 1289 tria,
578 1205 790 1300 Nycoenum,
804 1203 1003 1301 Athanasij‚
1016 1218 1054 1280 et
1067 1211 1161 1302 quod
1177 1209 1283 1304 vulgo
1297 1207 1398 1303 Apo-

255 1321 426 1394 stolorum
443 1322 652 1416 appcllatur,
670 1324 813 1393 omnino
833 1324 1034 1417 recipienda
1050 1334 1142 1409 sunt,
1156 1336 1194 1397 et
1210 1327 1396 1412 credenda,

254 1465 336 1513 nam
353 1441 558 1511 firmissimis
576 1438 836 1533 Scripturarum
853 1441 1065 1535 testimonijs
1081 1443 1220 1536 probari
1237 1453 1395 1537 possunt.

578 1647 613 1719 9.
663 1637 727 1712 De
738 1649 877 1735 peccato
893 1639 1069 1738 originali.
1405 1672 1440 1713 ιο

303 1787 496 1872 Peccatum
522 1790 665 1884 originis
694 1812 765 1860 non
795 1798 849 1860 est
877 1788 932 1884 (vt
962 1791 1166 1862 fabulantur
1196 1791 1392 1888 Pelagiani)

251 1907 290 1976 iu
306 1907 505 1978 imitatione
522 1905 654 1978 Adami
671 1907 790 1990 situm,
808 1906 869 1976 sed
893 1916 948 1978 est
972 1907 1112 1994 vitium,
1129 1917 1167 1978 ct
1187 1909 1393 2002 deprauatio

251 2033 394 2106 naturae,
413 2023 604 2095 cuiuslibet
625 2021 786 2105 hominis,
804 2045 851 2094 ex
873 2022 1016 2094 Adamo
1038 2024 1246 2096 naturaliter
1267 2048 1393 2120 propa·

249 2142 345 2234 gati:
376 2163 447 2233 qua
475 2140 527 2224 fit,
555 2147 595 2209 vt
623 2139 669 2210 ab
699 2138 858 2233 originali
888 2139 1028 2211 iusticia
1057 2163 1163 2233 quam
1188 2140 1391 2235 longissime
1423 2201 1425 2204 .

251 2258 368 2342 distet,
386 2259 430 2328 ad
452 2256 586 2327 malum
609 2277 672 2325 sua
694 2263 821 2325 natura
844 2257 1072 2350 propendeat,
1090 2265 1128 2327 et
1148 2279 1229 2327 caro
1252 2280 1391 2353 semper
1402 2291 1434 2350 15

249 2374 418 2446 aduersus
447 2374 609 2467 spiritum
635 2373 870 2466 concupiscat,
897 2373 990 2444 vnde
1014 2373 1052 2442 iu
1077 2396 1287 2466 unoquoque
1311 2397 1392 2448 uas-

249 2493 419 2576 centium,
440 2493 527 2562 iram
549 2488 628 2573 Dei,
650 2499 757 2582 atque
774 2490 1036 2562 damnationem
1052 2500 1218 2562 meretur.
1260 2491 1391 2567 Manet

291 2674 309 2697 ¹¹
323 2665 383 2723 'Ihe
397 2664 544 2740 following
557 2664 763 2741 discrepantias
776 2665 905 2723 between
921 2664 971 2722 the
984 2663 1069 2722 latin
1086 2663 1143 2722 and
1156 2665 1279 2742 English
1293 2667 1390 2744 copies

248 2782 322 2822 were
336 2763 388 2821 lest
401 2765 556 2823 unaltered.

289 2871 308 2893 “
324 2861 358 2918 ln
371 2861 421 2918 the
435 2862 546 2919 twellth
558 2862 609 2919 the
622 2862 706 2919 Latin
720 2861 806 2943 reads
818 2859 1004 2936 ‘justificatos
1018 2862 1192 2934 sequuntur!
1398 2887 1433 2927 ,ο

289 2965 308 2992 “
324 2959 359 3016 In
373 2961 423 3018 the
433 2961 562 3038 English,
579 2960 693 3019 ‘follow
706 2959 779 3018 after
787 2957 997 3035 justification.'

289 3065 308 3090 “
322 3059 356 3116 In
370 3058 420 3116 the
433 3057 496 3116 title
510 3060 543 3118 of
552 3059 603 3117 the
616 3057 783 3134 eighteenth
796 3056 846 3114 the
859 3057 944 3115 Latin
957 3055 1040 3114 reads
1054 3057 1118 3115 ‘De
1131 3057 1270 3132 speranda
1280 3067 1388 3120 eterna

246 3157 336 3214 solute
350 3165 462 3215 tantum
475 3157 505 3214 in
519 3157 632 3216 nomine
647 3155 775 3215 Christi!

288 3265 307 3287 “
321 3255 382 3314 The
396 3255 528 3333 English,
545 3267 552 3288 ¹
564 3255 607 3314 Of
615 3253 763 3331 obtaining
777 3253 885 3311 eternal
903 3253 1040 3310 sdvation
1059 3253 1127 3330 only
1140 3254 1178 3331 by
1191 3254 1241 3312 the
1258 3273 1343 3313 name
1356 3255 1390 3315 os

246 3352 363 3410 Christ.'
1396 3375 1430 3434 25

286 3460 306 3483 ‘⁸
321 3450 356 3507 In
375 3450 521 3508 Edward’s
536 3449 658 3527 English
675 3469 749 3526 copy
762 3448 811 3506 the
829 3449 892 3506 title
909 3449 944 3516 is,
961 3449 1034 3508 ‘We
1047 3457 1125 3507 must
1144 3449 1220 3525 hope
1236 3457 1268 3508 to
1287 3449 1385 3509 obtain

245 3549 353 3606 eterual
367 3549 505 3606 salvation
519 3548 586 3625 only
599 3548 700 3625 hythe
712 3565 796 3604 name
810 3547 842 3604 of
853 3545 970 3605 Christ!

286 3651 305 3678 “
318 3645 379 3704 'Ihe
393 3645 455 3702 title
468 3645 501 3702 ol
511 3645 561 3704 the
577 3644 779 3722 twenty-sixth
797 3645 827 3701 in
840 3644 890 3702 the
904 3644 989 3703 Latin
1002 3643 1035 3711 is,
1056 3645 1120 3702 ‘De
1133 3645 1161 3702 vi
1175 3645 1384 3705 institutionum

244 3743 414 3820 divinarum,
429 3743 505 3818 quod
519 3762 581 3801 eam
595 3761 653 3799 non
666 3741 748 3800 tollat
761 3742 869 3800 melitis
882 3742 1096 3800 ministromm!

285 3851 304 3873 “
319 3841 354 3898 In
364 3841 413 3899 the
426 3841 560 3917 English,
573 3849 581 3872 ¹
591 3841 634 3898 Of
640 3841 690 3898 the
697 3841 905 3899 unworthiness
915 3842 947 3899 of
955 3842 1004 3899 the
1015 3842 1167 3908 ministers,
1178 3841 1272 3901 which
1281 3843 1384 3902 hinder
1390 3871 1427 3926 3⁰
1528 3925 1529 3930 ἵ

243 3946 294 3996 not
307 3939 357 3996 the
371 3939 454 3996 effect
467 3939 500 3996 of
512 3939 562 3997 the
576 3937 775 3998 Sacramenta!

284 4043 304 4070 ¹‘
317 4037 351 4094 In
366 4038 415 4096 the
429 4038 596 4096 nineteenth
609 4038 718 4096 Article
734 4037 764 4095 in
778 4037 866 4115 Day's
879 4038 986 4096 edition
999 4039 1080 4097 there
1097 4039 1122 4097 is
1136 4059 1153 4097 a
1166 4041 1383 4118 typographicol

242 4154 321 4192 error
334 4136 367 4192 ol
379 4145 386 4167 ⁴
398 4135 439 4192 ut'
453 4135 499 4193 for
513 4145 520 4168 ⁶
532 4137 580 4193 et.'
593 4136 611 4159 ”

281 4232 373 4290 'lhese
390 4231 474 4290 Latin
494 4233 617 4292 Articles
637 4253 685 4291 are
705 4233 818 4310 printed
838 4234 867 4291 in
888 4241 971 4291 exact
989 4233 1161 4291 accordauoe
1182 4230 1252 4290 with
1273 4251 1290 4288 a
1307 4249 1382 4310 copy

240 4330 274 4388 of
284 4332 334 4389 the
347 4331 469 4408 original
482 4332 589 4390 edition
603 4351 710 4408 among
721 4331 772 4390 the
785 4333 875 4390 books
889 4333 922 4391 oi
933 4331 1047 4390 Selden.
1388 4359 1423 4419 35

282 4430 384 4506 Comp.
409 4431 545 4489 Bennm's
567 4431 667 4508 Essay,
687 4451 713 4490 c.
732 4449 779 4508 19,
800 4432 850 4490 &a
881 4429 984 4496 Ftrller,
1004 4429 1088 4488 Ceut.
1107 4427 1153 4488 16.
1171 4429 1200 4488 b.
1220 4445 1249 4506 9.
1269 4447 1297 4504 p.
1312 4445 1379 4488 102.

241 4527 355 4606 Strype,
369 4529 484 4596 Perkes,
497 4529 553 4587 vol.
568 4529 597 4587 ii.
612 4549 660 4606 pp.
671 4543 803 4607 53-57‚
817 4531 869 4589 dic.
