3140 4972
209 182 317 266 1597·]
437 186 653 252 Cmttitmims
665 185 732 250 aad
747 186 865 250 cama
877 183 1109 250 ammantat.
1284 182 1344 249 161

206 363 323 427 auctae
338 359 523 430 nominum
540 361 774 454 inscriptionis
796 361 841 432 ad
858 361 1012 454 episcopi
1029 361 1216 432 dioecesani
1239 361 1347 454 regis-

205 479 303 544 trum
326 499 390 567 per
412 479 596 571 gardianos
618 479 709 549 infra
735 500 893 548 mensem
916 487 997 570 post
1013 478 1145 548 festum
1166 475 1348 548 Paschatis

207 592 478 676 transmittatur,
512 604 549 666 et
581 597 656 666 sine
691 596 795 666 feodo
829 594 903 665 ullo
937 596 1134 688 recipiatur,
1168 603 1276 686 atque
1310 595 1347 664 in

205 706 355 778 archivis
372 712 526 804 episcopi
543 712 695 783 fideliter
711 713 940 782 custodiatur.

257 823 467 918 Quicunque
485 851 567 898 vcro
584 829 621 898 in
638 829 821 920 praemissis
835 850 1002 899 eorumve
1018 827 1135 920 aliquo
1148 825 1390 920 deliquerite'

206 940 246 1023 is,
263 951 307 1011 ut
322 942 443 1014 delicti
461 943 611 1036 qualitas
621 945 751 1037 jusque
768 944 1008 1036 postulaverit,
1026 945 1203 1038 puniatur.

256 1173 344 1258 Qua
369 1178 488 1247 omnia
512 1175 667 1270 capitula
690 1179 763 1248 sive
788 1179 1068 1258 constitutiones,
1094 1177 1282 1268 omniaque
1307 1187 1346 1248 et

205 1290 342 1384 singula
358 1293 395 1362 in
411 1292 545 1364 eisdem
563 1301 740 1376 contenta,
758 1295 854 1386 regia
869 1294 1033 1385 majestas
1049 1316 1113 1386 per
1129 1315 1209 1364 suas
1226 1293 1345 1364 literas

203 1417 377 1498 patentes,
403 1420 567 1503 gerentes
593 1412 666 1481 dat.
693 1412 787 1503 apud
818 1409 1177 1482 Westmonasterium
1206 1411 1344 1481 decimo

202 1534 328 1596 octavo
352 1526 410 1597 die
439 1525 608 1610 Januarii,
633 1551 726 1597 anno
751 1527 850 1621 regni
876 1528 930 1596 sui
955 1527 1229 1621 quadragesimo,
1260 1529 1344 1598 rati·
1354 1549 1387 1588 10

201 1641 329 1724 ficavit,
346 1643 578 1727 confirmavit,
594 1667 635 1714 ac
652 1643 832 1724 stabilivit,
845 1645 990 1736 ipsaque
1007 1644 1053 1714 ab
1066 1643 1229 1714 omnibus
1241 1645 1343 1738 regni

202 1759 255 1828 sui
276 1759 426 1830 subditis
449 1761 631 1852 utriusque
653 1761 853 1852 provinciae,
872 1759 1133 1831 Cantuariensis
1150 1767 1187 1828 et
1209 1758 1343 1830 Ebora-

202 1875 324 1958 censis,
354 1885 529 1968 quatenus
562 1899 685 1947 eorum
714 1875 868 1964 aliquem
898 1887 1124 1959 concernunt,
1155 1875 1342 1970 diligenter

202 1993 418 2085 exequenda,
435 2017 476 2064 ao
493 1993 709 2065 observanda
725 1993 936 2063 auctoritate
953 2013 1017 2062 sua
1033 1991 1129 2084 regia
1148 1993 1340 2084 proposuit,

200 2107 447 2202 promulgavit,
474 2119 512 2180 et
531 2132 595 2202 per
620 2109 762 2180 easdem
787 2108 907 2179 literas
930 2117 1093 2201 patentes
1117 2109 1167 2179 sic
1192 2131 1255 2202 per
1280 2131 1340 2181 eos
1351 2134 1383 2192 15

200 2225 375 2297 observari
392 2227 569 2319 praecepit,
585 2227 750 2318 injunxit,
768 2237 806 2298 et
821 2227 1012 2310 mandavit,
1030 2233 1135 2318 prout
1152 2227 1189 2296 in
1206 2227 1340 2298 eisdem

201 2340 312 2412 literis
336 2342 540 2435 patentibus
564 2341 680 2436 sigillo
704 2365 834 2438 magno
851 2342 992 2437 Anglioe
1018 2341 1178 2435 sigillatis
1203 2343 1341 2436 plenius

200 2456 312 2551 liquet
329 2465 367 2528 et
383 2467 539 2550 apparet.

198 2813 392 2910 Eacmpbar
409 2815 565 2900 lieentia,
582 2840 642 2888 aaa
657 2815 842 2912 factitatis
864 2817 1079 2892 matrimonii
1102 2813 1225 2911 absque
1242 2815 1338 2887 trina

247 2931 437 3005 danaorum
457 2933 733 3032 promulgatione
758 2933 948 3007 οεὶεόναηᾶἰ
972 2935 1011 3005 ia
1035 2931 1181 3031 mapalis
1210 2933 1381 3026 episto-20

242 3050 383 3146 potibat
398 3049 617 3124 adamando.

196 3248 357 3323 Licentia
373 3249 431 3323 abi
447 3261 587 3348 uterquc
606 3249 659 3324 ael
679 3249 765 3323 alter
786 3246 1055 3322 contrahentium
1072 3243 1133 3316 sab
1150 3253 1335 3340 pareatum

442 3367 496 3440 cel
505 3367 770 3466 praeliatorum
783 3374 948 3462 potestate
964 3363 1091 3436 emittit.

247 3517 291 3587 R.
316 3519 543 3610 permissione
569 3523 688 3591 divina
714 3519 758 3590 L.
788 3519 980 3612 episcopus,
1008 3513 1147 3585 dilectis
1172 3511 1273 3582 nobis
1298 3511 1335 3582 in

196 3633 338 3706 Christo
353 3635 398 3706 D.
410 3636 450 3708 C.
468 3639 638 3731 parochiae
651 3640 696 3708 de
709 3637 751 3708 B.
766 3636 838 3707 lilio
852 3631 1003 3706 naturali
1020 3640 1057 3702 et
1074 3628 1234 3724 legitimo
1246 3625 1281 3698 J.
1293 3627 1333 3697 C.
1345 3653 1377 3710 ²5

195 3753 368 3845 parochia
385 3755 430 3825 de
448 3754 487 3824 F.
504 3779 683 3850 generoso,
702 3765 740 3826 et
757 3753 807 3824 N.
820 3751 865 3825 Ο.
878 3749 1015 3847 puellae,
1032 3747 1112 3818 filiae
1128 3741 1280 3816 naturali
1296 3754 1335 3814 et

195 3871 363 3966 legitimae
385 3872 428 3943 Β.
442 3873 486 3945 Ο.
512 3874 685 3967 parochia
706 3872 750 3942 de
775 3871 829 3943 M.
852 3879 1051 3941 nostrarum
1077 3864 1119 3934 L.
1143 3861 1333 3931 dioeceseos

194 3998 232 4058 et
256 3990 519 4082 jurisdictionis,
551 3989 713 4060 salutem.
764 3987 856 4059 Cum
885 4007 948 4056 vos
977 3981 1046 4071 (uti
1080 3979 1257 4070 asseritur)
1288 3978 1333 4046 ad

194 4103 517 4176 solemnizationem
540 4107 752 4177 matrimonii
776 4106 849 4176 veri
866 4113 904 4174 et
928 4098 1077 4195 legitimi
1099 4097 1144 4166 de
1167 4115 1332 4186 expresso

194 4245 375 4304 consensu,
402 4231 439 4292 et
463 4245 603 4293 assensu
629 4233 814 4316 parentum
838 4230 876 4290 et
898 4219 1172 4312 gubernatorum
1200 4218 1376 4296 vestro-30

194 4361 283 4422 rum,
300 4363 342 4409 ac
360 4340 541 4432 utriusque
565 4347 733 4424 vestrum,
750 4339 940 4432 procedere
957 4330 1201 4412 decreveritis;
1227 4326 1332 4397 illud·
1464 4410 1478 4436 h

193 4478 262 4546 que
286 4458 324 4526 in
349 4455 438 4528 facie
463 4457 621 4528 occlesiae
646 4479 727 4528 cum
753 4479 804 4539 ca,
830 4477 901 4547 qua
925 4452 1001 4523 fieri
1024 4449 1166 4542 poterit,
1193 4451 1332 4515 motura

753 4592 779 4632 M
