3140 4972
225 227 290 294 186
441 229 662 295 Constitutione
677 231 745 294 aad
758 230 884 295 Conona
898 227 1138 296 Bodasiastv'cal.
1302 228 1361 318 [V.

225 407 300 478 sivo
317 405 533 500 spiritualem
549 405 642 478 inira
656 405 849 497 majestatis
866 428 937 477 suae
954 404 1050 478 dicta
1065 428 1182 501 regna,
1195 404 1361 490 dominia,

225 532 264 594 et
282 523 469 594 territoria.

276 638 326 710 ΙΙ.
353 639 458 724 Quod
483 638 573 710 liber
598 638 745 732 publicae
767 638 926 733 liturgiae,
944 647 982 710 et
1007 639 1197 733 episcopos,
1220 639 1363 733 presby·

225 763 331 840 teros,
358 766 395 827 et
420 756 584 826 diaconos
611 754 793 825 ordinandi
820 764 857 824 et
882 755 1116 838 consecrandi,
1143 755 1232 826 nihil
1256 757 1294 824 in
1323 779 1362 826 se

226 874 415 956 contineat,
429 872 522 966 quod
540 872 646 943 verbo
665 870 733 941 Dei
751 871 798 942 sit
814 872 1037 954 contrarium,
1054 873 1218 966 quodque
1235 873 1386 951 eodem5

225 989 346 1060 taliter
370 990 424 1060 uti
447 989 574 1073 liceat3
600 998 637 1060 et
664 988 758 1081 quod
785 988 918 1080 ipsein
947 987 1097 1080 publicis
1125 989 1296 1082 precibus,
1324 999 1362 1060 et

225 1107 452 1176 sacramentis
468 1104 750 1176 administrandis
772 1103 870 1175 illam
892 1127 1030 1197 prorsus
1052 1105 1211 1189 formam,
1230 1130 1307 1198 quae
1323 1108 1359 1178 in

227 1224 322 1295 dicto
339 1222 429 1292 libro
445 1220 688 1313 praescribitur,
706 1227 743 1290 et
760 1243 831 1290 non
848 1219 963 1304 aliam,
982 1222 1028 1292 sit
1045 1222 1301 1295 observaturus.

276 1337 347 1410 ΙΙΙ.
374 1338 480 1423 Quod
502 1336 591 1408 libro
608 1337 652 1407 da
674 1335 851 1431 religionis
867 1338 1034 1423 articulis,
1051 1341 1087 1410 in
1105 1363 1192 1433 quos
1214 1363 1360 1412 consen-

226 1480 304 1529 sum
317 1464 371 1526 est
384 1454 429 1526 ab
442 1454 718 1546 archiepiscopis,
732 1462 770 1524 et
783 1454 953 1548 episcopis
966 1457 1148 1549 utriusque
1162 1457 1359 1549 provinciae,
1373 1485 1405 1523 ιο

226 1597 268 1652 ac
284 1571 420 1665 reliquo
438 1571 534 1642 omni
554 1570 648 1641 clero
670 1570 708 1639 in
725 1571 856 1663 synodo
875 1569 1091 1644 Loudinensi
1111 1596 1166 1643 an.
1183 1593 1359 1644 11111111.

226 1691 369 1764 omnino
392 1688 621 1782 comprobat;
646 1695 683 1756 et
700 1688 794 1780 quod
812 1710 934 1758 omues
954 1711 995 1759 ac
1018 1689 1172 1784 singulos
1194 1691 1368 1762 articulos:

226 1809 264 1879 in
289 1807 415 1879 eodem
441 1814 626 1877 contentos
653 1804 712 1898 qui
739 1804 883 1899 trign‘nta
907 1827 1045 1888 novem,
1072 1807 1161 1876 citra
1182 1808 1361 1878 ratificati-

226 1947 342 2007 onem,
359 1931 597 2005 numerantur,
617 1921 723 1992 verbo
741 1920 810 1993 Dei
831 1931 1082 1994 consentaneos
1099 1947 1174 1995 esse
1191 1925 1359 2018 agnoscit.

275 2039 387 2111 Hisce
400 2039 511 2109 tribus
529 2037 684 2110 articulis
697 2039 756 2130 qui
771 2038 868 2108 volet
884 2040 1110 2124 subscribere,
1124 2039 1169 2110 ad
1182 2041 1359 2112 vitandam
1371 2059 1405 2116 15

226 2180 369 2228 omnem
391 2157 670 2250 ambiguitatem,
686 2153 753 2226 hac
773 2156 957 2227 verborum
980 2156 1139 2240 formula,
1157 2159 1300 2229 nomine
1323 2171 1361 2229 et

226 2277 435 2370 cognomine
460 2297 522 2345 suo
545 2274 727 2366 expressis,
737 2272 782 2342 in
799 2271 1048 2344 subscribendo
1073 2281 1215 2346 utetur:
1250 2275 1362 2370 “Ego

226 2391 276 2462 N.
291 2389 341 2461 N.
359 2392 471 2462 tribus
494 2391 549 2461 his
569 2391 719 2485 praefixis
739 2389 903 2472 articulis,
923 2391 1154 2485 omnibusque
1173 2394 1211 2463 iu
1228 2393 1361 2464 eisdem

225 2508 411 2591 contentis,
434 2506 559 2578 lubens
585 2515 623 2577 et
649 2530 695 2577 ex
722 2508 839 2578 auimo
864 2505 1073 2578 subscribo.”
1124 2509 1259 2593 Quodsi
1284 2511 1361 2604 quis

226 2623 409 2716 episcopus
425 2621 577 2715 aliquem
597 2623 819 2707 ordinaverit,
832 2624 1022 2708 admiserit,
1037 2625 1093 2696 vel
1106 2626 1286 2711 facultate,
1300 2637 1362 2698 aut
1372 2649 1408 2688 ²0

225 2739 380 2822 licentio,
398 2747 439 2809 ut
462 2739 620 2832 superius
643 2739 859 2822 dictumest,
877 2740 950 2811 ulla
967 2741 1159 2826 donaverit,
1177 2745 1243 2814 nisi
1266 2747 1362 2838 prius

226 2856 291 2927 sub
315 2855 481 2926 modoet
506 2855 619 2926 forma
644 2857 846 2948 praestitutis
871 2857 1135 2950 subscripserit;
1169 2860 1199 2931 is
1219 2859 1363 2932 acolla-

226 2975 324 3044 tione
341 2973 514 3056 ordinum,
533 2979 570 3042 et
592 2971 813 3043 licentiarum
836 2973 881 3042 ad
902 2975 1180 3046 concionandum
1203 3000 1266 3070 per
1280 2977 1362 3048 anni

226 3091 380 3184 spatium
406 3088 681 3160 submovebitur.
733 3087 945 3160 Academias
961 3114 1055 3174 vero,
1078 3091 1212 3185 siquid
1238 3091 1304 3164 hac
1325 3094 1363 3165 in

226 3215 327 3300 parte
352 3204 575 3298 deliquerint,
594 3207 684 3297 juris
717 3205 855 3289 ultioni,
881 3216 918 3276 et
943 3208 1047 3301 regiae
1077 3231 1231 3280 censurae
1257 3211 1364 3304 1111111-Ι
1372 3223 1407 3281 ²5

227 3347 377 3417 quimus·

252 3563 461 3638 XXXVII.
492 3563 683 3650 ordinatis,
705 3565 865 3638 diocesia
891 3566 1108 3653 mutantibus,
1133 3568 1338 3667 cadomiptio

458 3707 572 3754 coram
590 3684 745 3778 episcopo
762 3682 950 3756 diceccsauo
968 3684 1134 3757 iteranda.

270 3830 310 3902 Si
319 3831 396 3924 quis
409 3832 650 3917 concionandi,
662 3832 812 3927 legendi,
824 3834 1045 3928 praelegendi,
1057 3835 1112 3907 vel
1124 3838 1361 3910 catechizandi

227 3947 387 4043 legitima
411 3948 541 4041 alioqui
569 3958 747 4043 potestate
772 3951 938 4043 praeditus
966 3953 1021 4043 (ut
1049 3959 1167 4050 supra)
1189 3956 1227 4026 111
1252 3955 1410 4030 ullamso

228 4066 394 4147 dioecesiu
412 4065 543 4136 ibidem
560 4077 839 4139 commoraturus
853 4071 1045 4158 devenerit,
1059 4073 1088 4142 is
1102 4074 1146 4143 ad
1163 4073 1363 4167 hujusmodi

227 4205 375 4252 munera
407 4182 612 4266 exercenda,
644 4183 701 4254 vel
730 4186 775 4256 ad
805 4195 1024 4258 sacramenta
1056 4189 1274 4274 celebranda,
1301 4204 1365 4262 aut

227 4298 423 4390 quamlibet
436 4298 708 4372 ecclesiasticam
719 4301 936 4373 functionem
955 4303 1027 4375 illic
1040 4305 1239 4378 obeundam
1252 4307 1366 4380 nulla·

228 4419 333 4485 tenus
349 4415 568 4499 admittetur,
581 4439 603 4486 a
615 4439 824 4511 quocunque
841 4419 985 4490 tandem
1001 4423 1132 4493 dictam
1149 4433 1364 4516 potestatem
1435 4505 1438 4510 A
