3140 4972
253 199 318 260 aaa
483 195 700 262 maumam
715 195 783 260 aaa
799 194 922 260 mmm
937 193 1180 260 naaman.
1340 193 1399 278 [v.

256 370 512 444 ecclesiasticus
535 372 701 444 adversus
726 370 955 454 refractarios,
982 370 1155 454 factiosos,
1179 392 1221 440 ac
1243 391 1399 440 ceremo-

255 489 393 558 niarum
411 497 682 581 contemptores,
698 487 744 558 ob
761 510 833 557 non
846 495 1001 558 servatos
1018 487 1174 558 ecelesiae
1187 485 1399 581 Anglicanae

256 607 353 689 ritus,
372 605 428 676 vel
447 608 492 678 ob
509 631 652 700 precum
670 606 890 700 publicarum
908 615 1165 700 contemptum,
1182 605 1401 699 judicialiter

255 725 483 814 processerit;
508 722 626 793 nullus
637 723 751 815 judex
769 723 847 791 “ad
864 721 990 814 quem”
1004 743 1126 791 eorum
1144 721 1400 814 appellationes

256 839 432 922 admittat,
450 839 516 909 nisi
533 861 612 932 pars
628 836 819 930 appellans,
832 837 1077 931 appellationis
1094 836 1289 930 protocollo
1303 837 1424 911 dictos

250 955 364 1047 judici
382 956 574 1046 peripsum
593 953 762 1036 exhibito,
779 954 816 1023 iu
833 955 973 1048 propria
989 977 1138 1046 persona
1160 953 1343 1045 receperit,
1362 975 1400 1022 sc

257 1093 379 1141 omnes
397 1070 552 1142 ecclesiae
570 1068 775 1163 Anglieanaa
792 1073 880 1141 ritus
897 1094 938 1142 ac
956 1071 1181 1152 ceremonias,
1197 1078 1234 1139 et
1250 1069 1401 1139 formam

258 1187 406 1278 publicae
424 1186 576 1280 liturgiae
599 1187 835 1278 praescriptam
858 1186 951 1256 bona
972 1186 1042 1256 fide
1060 1186 1337 1268 observaturum,
1359 1207 1400 1255 ac

258 1303 364 1372 etiam
396 1304 462 1372 nisi
492 1304 605 1373 tribus
634 1301 790 1373 articulis
820 1304 978 1396 superius
1011 1325 1032 1374 a
1061 1303 1163 1373 nobis
1192 1301 1401 1396 specificatio

256 1419 510 1512 subscripserit.
1409 1433 1441 1472 10

259 1659 400 1732 XCIX.
443 1660 546 1732 Intra
558 1660 690 1759 pradia
702 1657 895 1755 prohibitos
911 1660 1170 1731 matrimonium
1187 1670 1399 1735 contractum

667 1776 833 1871 ipaoyure
849 1774 990 1847 nullum.

310 1926 429 2000 Nemo
446 1929 710 1999 matrimonium
727 1926 912 1998 contrahat
928 1927 1021 1998 intra
1038 1927 1167 2021 gradus
1184 1927 1303 1998 divino
1317 1931 1400 2021 jure

257 2044 461 2136 prohibitos,
479 2067 520 2116 ac
546 2067 727 2138 expressos
749 2045 787 2112 in
804 2042 926 2114 tabula
949 2043 1100 2135 quadam
1118 2067 1163 2114 ex
1188 2045 1423 2130 auctoritate¹

258 2159 401 2254 publica
424 2183 517 2231 anno
541 2159 685 2230 Domini
711 2179 892 2231 mearum.
920 2160 1036 2243 edita;
1066 2161 1252 2252 omniaque
1280 2164 1400 2232 matri-
1410 2185 1442 2242 15

258 2277 378 2346 monia
394 2275 515 2346 taliter
531 2283 721 2359 contracta,
734 2276 869 2346 incesta
885 2283 922 2346 et
938 2274 1124 2369 illegitima
1134 2277 1400 2369 judicabuntur,

259 2401 297 2462 et
325 2393 480 2485 proinde,
510 2403 552 2464 ut
577 2392 622 2463 ab
647 2392 748 2462 initio
779 2414 898 2476 vacua,
924 2393 997 2464 sive
1022 2393 1129 2476 nulla,
1155 2392 1399 2478 dissolventur,

258 2517 446 2601 partesque
463 2509 514 2579 ita
526 2510 725 2601 conjunctae
742 2531 806 2601 per
815 2509 905 2601 juris
918 2531 1119 2602 processum
1133 2511 1398 2604 separabuntur.

258 2623 430 2695 Tabulam
464 2632 585 2696 autem
619 2625 821 2718 praedictam
855 2627 892 2697 in
926 2625 1072 2721 singulis
1105 2625 1262 2698 ecclesiis
1299 2650 1400 2722 paro·

259 2740 464 2811 chianomm
494 2741 692 2834 sumptibus
720 2740 861 2834 publice
891 2744 1048 2838 proponi,
1078 2751 1185 2836 atque
1215 2743 1309 2837 affigi
1340 2768 1442 2816 varo

259 2855 386 2927 lumus.

308 3098 349 3170 C.
396 3099 556 3174 Minores
582 3108 642 3174 al.
678 3102 780 3172 annia
815 3099 937 3196 ubsque
965 3110 1150 3197 parentum
1186 3124 1349 3174 comana

496 3219 753 3290 matrimonium
772 3215 970 3290 contrahere
984 3216 1161 3313 prohibiti.

309 3366 428 3441 Nullis
442 3369 570 3453 liberis,
584 3370 644 3461 qui
658 3370 863 3441 vicesimum
880 3371 1034 3464 primum
1047 3368 1160 3440 atatis
1178 3389 1247 3437 suae
1265 3389 1397 3438 annum

258 3483 416 3554 nondum
446 3484 710 3578 compleverint,
736 3486 868 3578 absque
896 3509 1066 3557 consensu
1096 3492 1293 3578 parentum,
1324 3492 1398 3568 aut,
1407 3514 1442 3571 ²5

258 3597 433 3670 defunctis
449 3602 663 3693 parentibus,
680 3611 838 3673 tutorum
855 3605 929 3675 sive
945 3604 1221 3698 gubernatorum
1244 3623 1398 3684 suorum,

257 3716 429 3809 conjugia,
447 3717 520 3788 sive
537 3717 710 3812 sponsalia
726 3718 847 3789 licebit
865 3719 1084 3790 contrahere.

257 3963 318 4035 01.
359 3965 556 4041 Facultates
567 3993 636 4065 pro
648 3968 770 4042 bannis
788 3965 1098 4042 matrimonialibm
1114 3964 1318 4049 amittendis,
1332 3988 1399 4060 per

523 4109 616 4180 quoa,
634 4096 665 4158 ct
682 4085 803 4180 quibua
819 4087 890 4158 sint
906 4081 1136 4158 concedende.

308 4231 421 4305 Nulla
442 4236 660 4328 inposterum
677 4236 826 4308 facultas
849 4238 921 4308 sive
944 4235 1174 4329 indulgentia,
1191 4257 1255 4327 pro
1277 4229 1442 4323 matri-30

254 4349 376 4419 monio
393 4351 526 4442 absque
542 4353 636 4422 trina
652 4353 847 4424 bannorum
865 4351 1137 4424 denunciatione
1149 4351 1256 4443 juxta
1270 4349 1397 4418 librum

254 4464 404 4558 publicae
428 4466 578 4562 liturgia
600 4469 694 4542 inter
716 4469 892 4562 quoslibet
915 4466 1136 4550 celebrando,
1154 4489 1218 4560 per
1240 4463 1397 4558 quamvis
