3118 4968
244 207 308 272 114
480 209 1155 277 mmmmm.
1341 202 1389 289 [r.

241 391 298 454 est
313 385 530 458 constitutae
555 411 622 458 nec
638 387 706 458 nisi
723 387 824 478 cujus
840 386 916 455 vita
931 393 970 456 et
986 384 1192 456 innocentia
1212 379 1390 476 gravium,

242 508 282 570 et
297 499 436 594 piorum
452 501 639 575 hominnm
651 513 690 576 et
706 504 872 597 episcopo
883 511 1052 573 notorum
1065 502 1173 571 fuerit
1183 496 1390 570 testimonio

242 615 512 688 commendata:
536 642 605 690 nec
626 621 656 691 si
679 620 717 690 in
736 617 962 713 agricultura,
980 617 1038 688 rel
1062 618 1099 687 in
1116 615 1179 686 vili
1206 614 1327 706 aliquo
1351 621 1390 682 et

243 731 443 802 sedentario
465 735 615 806 artificio
634 735 743 806 fuerit
762 735 958 806 educatus:
983 757 1050 805 nec
1073 733 1141 804 nisi
1158 731 1220 824 qui
1241 727 1390 800 titulum

245 843 367 940 (quem
400 848 596 944 appellant)
629 850 785 944 aliquem
817 851 959 934 habeat,
992 860 1035 921 ut
1068 852 1115 922 sit
1147 849 1245 920 unde
1278 848 1420 916 vitame

244 970 400 1048 tueatur,
418 966 448 1036 si
466 964 537 1037 Dei
553 968 738 1060 permissu,
754 966 813 1038 vel
829 969 866 1037 in
885 969 1095 1051 cecitatem,
1113 965 1172 1037 vel
1191 966 1229 1036 in
1245 985 1392 1058 gravem

245 1081 400 1172 eorporis
418 1081 672 1166 infirmitatem,
690 1083 748 1154 vel
764 1084 802 1154 in
819 1084 984 1155 morbum
1001 1084 1210 1153 diuturnum
1230 1079 1390 1150 incidat:

244 1219 312 1268 nec
329 1199 396 1268 nisi
418 1201 480 1291 qni
501 1201 595 1271 intra
616 1202 727 1295 ipsius
746 1201 927 1272 dioecesim
950 1223 1049 1272 sacro
1071 1197 1268 1270 ministerio
1290 1195 1394 1265 franc-

245 1324 347 1387 turus
358 1317 405 1386 sit
417 1341 426 1387 τ
443 1340 511 1389 nec
523 1342 679 1412 unquam
692 1321 759 1392 nisi
772 1321 835 1390 ubi
848 1341 986 1390 sacrum
999 1315 1142 1410 aliquod
1154 1313 1393 1384 ministerium

245 1433 283 1504 in
312 1433 439 1505 eadem
466 1435 608 1506 dioecesi
630 1459 755 1508 vacare
782 1436 983 1530 contigerit.
1046 1432 1242 1503 Neminem
1269 1437 1443 1499 antemio

245 1551 482 1644 peregrinum,
500 1561 539 1622 et
563 1553 726 1646 ignotum
742 1553 800 1624 vel
823 1554 867 1623 ad
888 1551 1164 1622 sacerdotiomm
1189 1554 1393 1640 proventus,

246 1666 304 1736 vel
330 1667 377 1737 ad
406 1667 685 1740 ecclesiasticum
712 1669 948 1740 ministerium
974 1667 1133 1758 recipiet,
1159 1663 1227 1733 nisi
1253 1662 1299 1732 ab
1329 1661 1395 1732 illo

245 1783 456 1876 episcopo,e
473 1785 574 1878 cnjus
591 1786 733 1857 dioecesi
750 1785 920 1868 discessit,
935 1784 1056 1854 literas
1073 1778 1393 1860 commendatitias,

246 1923 334 1993 quas
351 1899 533 1994 appellant
550 1901 772 1984 dimissorias,
789 1924 912 1972 secum
928 1899 1066 1970 afferat.

299 2016 495 2110 Episcopus
510 2017 787 2111 prebendamm,
801 2027 839 2088 et
855 2017 1108 2089 beneficiorum
1125 2035 1271 2086 suornm
1288 2035 1443 2106 prox-15

247 2135 337 2206 imas
353 2133 525 2206 secundas
546 2145 610 2206 aut
626 2136 749 2206 tertiae
765 2135 1025 2216 advocationes,
1042 2156 1130 2228 quas
1145 2139 1286 2214 vocant,
1304 2129 1395 2202 nulli

247 2341 395 2400 condition
408 2343 438 2399 in
456 2341 551 2400 which
568 2341 638 2420 they
651 2343 721 2400 then
739 2343 833 2412 stood,
848 2342 906 2400 and
918 2343 1038 2418 bearing
1050 2342 1101 2399 the
1117 2342 1280 2418 signatores
1296 2339 1330 2396 of
1345 2339 1396 2397 the

247 2441 366 2516 bishops
379 2439 412 2498 os
426 2440 498 2498 both
511 2440 670 2516 provinces,
684 2441 709 2498 is
728 2441 786 2499 suti
803 2441 834 2498 in
847 2441 1002 2507 existence,
1015 2441 1104 2516 being
1121 2438 1274 2516 preserved
1287 2457 1397 2513 among

249 2537 299 2597 the
313 2538 509 2615 archbishop's
522 2557 625 2615 papers
638 2547 668 2598 at
682 2539 866 2616 Cambridge,
881 2540 904 2598 it
922 2540 947 2596 is
965 2559 1032 2616 easy
1045 2540 1084 2616 by
1098 2559 1116 2596 n
1130 2537 1310 2612 comparison
1327 2535 1398 2594 with

249 2633 299 2692 the
313 2635 425 2711 printed
438 2636 535 2713 copies
548 2645 580 2694 to
593 2655 641 2696 see
654 2637 705 2698 the
721 2645 822 2695 extent
834 2648 866 2695 to
878 2637 983 2702 which,
997 2638 1028 2694 in
1040 2637 1100 2694 this
1118 2655 1150 2694 aa
1163 2635 1194 2692 in
1212 2654 1299 2711 many
1312 2633 1443 2692 osberno

250 2749 341 2798 cases,
355 2733 406 2790 the
419 2751 510 2808 queen
523 2734 670 2792 exercised
683 2735 736 2792 her
753 2755 859 2810 power,
874 2736 946 2794 both
964 2737 994 2792 in
1011 2735 1162 2809 remos-ing
1175 2733 1253 2790 what
1272 2731 1324 2790 she
1338 2733 1397 2790 dis·

249 2829 336 2896 liked,
350 2831 407 2888 and
427 2849 499 2888 evan
519 2831 550 2888 in
570 2831 754 2908 introducing
773 2851 838 2890 new
859 2841 973 2891 matter.
1013 2833 1075 2890 The
1087 2831 1236 2906 following
1253 2830 1398 2888 instanoes

251 2949 299 2988 are
317 2930 404 3006 given
422 2931 452 2988 in
470 2930 520 2988 the
533 2930 628 2988 words
642 2931 675 2989 of
693 2932 745 2990 Dr.
757 2931 870 2990 Bennet
884 2931 989 3008 (Essay
1003 2951 1041 2988 on
1055 2931 1105 2988 the
1120 2949 1160 3008 39
1173 2931 1239 2986 Art.
1253 2947 1281 3004 p.
1292 2930 1396 3004 345.):

251 3037 270 3060 “
284 3029 346 3087 The
360 3029 422 3087 first
434 3028 497 3086 title
511 3029 535 3085 is
549 3027 593 3086 De
607 3029 766 3107 Episcopis.
808 3032 885 3089 Now
899 3032 929 3089 in
942 3031 992 3088 the
1006 3031 1112 3088 second
1125 3029 1285 3105 paragraph
1296 3028 1329 3084 of
1339 3027 1398 3084 this

251 3126 313 3184 title
327 3127 377 3184 the
388 3127 508 3204 original
522 3145 590 3184 runs
604 3128 689 3188 thus:
711 3128 990 3194 ‘Concionatoribna
1005 3147 1077 3204 quos
1087 3139 1137 3185 aut
1146 3125 1238 3202 Regia
1246 3125 1398 3200 Maiestas,
1407 3137 1443 3195 25

251 3232 301 3283 snt
320 3224 559 3304 Archiepiscopus
580 3227 794 3286 cantuariensis
815 3237 865 3286 aut
884 3225 1042 3304 Episcopus
1064 3225 1281 3302 approbaverit;
1309 3233 1399 3300 utque

252 3323 411 3381 submisse!
453 3324 488 3383 In
501 3324 551 3382 the
565 3327 630 3386 fifth
648 3327 809 3404 paragraph
825 3327 849 3385 it
864 3345 922 3384 was
936 3326 1049 3383 written
1067 3325 1095 3382 in
1111 3323 1179 3383 MS.
1194 3324 1281 3382 thus:
1308 3323 1397 3398 ‘Epi-

253 3439 403 3496 scoporum
421 3421 519 3482 famuli
537 3425 637 3500 caligis
657 3425 719 3483 istis
740 3425 909 3482 monstrosis
922 3433 952 3481 et
969 3423 1116 3480 taliaribm
1135 3441 1204 3497 quas
1223 3420 1337 3497 publica
1354 3421 1397 3476 in-

252 3519 332 3576 sania
352 3526 382 3577 et
401 3521 537 3580 novimtis
557 3523 725 3581 insatiabilia
737 3523 826 3581 libido
844 3523 873 3581 in
892 3542 975 3580 usum
993 3521 1114 3586 induxit,
1134 3521 1320 3596 imposterum
1340 3537 1399 3576 non

253 3624 385 3684 utentum
418 3619 470 3675 sed
486 3619 613 3678 inomni
634 3621 721 3679 vestis
738 3639 844 3696 genere
862 3621 904 3678 ita
925 3639 956 3678 se
976 3619 1127 3678 modeste!
1169 3619 1204 3676 ln
1223 3617 1272 3675 the
1292 3617 1445 3688 secandae

253 3713 325 3782 title,
342 3715 398 3772 and
419 3716 482 3774 that
495 3717 590 3776 which
605 3718 630 3776 is
646 3737 713 3776 now
729 3716 779 3776 the
796 3718 874 3777 third
894 3717 1066 3794 paragraph,
1085 3715 1159 3774 aiter
1176 3715 1299 3773 Dioecesi
1317 3715 1399 3773 these

253 3813 358 3882 words,
375 3814 518 3872 ‘maxime
530 3834 599 3874 vero
612 3815 642 3873 in
656 3815 711 3875 illis
723 3816 804 3885 locis,
819 3818 895 3875 unde
909 3816 977 3892 ipsis
991 3815 1098 3874 reditus
1112 3815 1200 3873 annui
1215 3821 1245 3872 et
1258 3813 1401 3890 stipendia

254 3911 490 3986 suppeditantur,’
505 3932 554 3971 are
568 3913 661 3973 added
673 3915 703 3972 in
717 3915 767 3973 the
779 3916 866 3991 print,
880 3913 975 3971 which
987 3931 1062 3971 were
1075 3919 1128 3969 not
1141 3913 1171 3970 iu
1184 3913 1235 3970 the
1248 3904 1337 3971 MS.'’

294 4008 387 4067 These
407 4010 524 4069 canons
544 4031 619 4070 were
639 4012 792 4087 published
810 4013 840 4070 in
863 4011 985 4088 English
1006 4029 1038 4068 as
1057 4010 1121 4068 well
1142 4029 1174 4068 es
1194 4009 1289 4076 latin,
1305 4010 1363 4068 and
1383 4029 1402 4068 a

254 4125 328 4184 copy
342 4108 375 4165 of
390 4107 439 4166 the
452 4108 568 4174 former,
583 4109 697 4185 printed
711 4119 730 4141 “
741 4118 772 4167 at
785 4109 907 4167 london
925 4110 964 4187 by
977 4108 1055 4166 John
1069 4107 1159 4184 Daye,
1174 4108 1318 4186 dwellyng
1331 4123 1446 4183 over35

255 4205 445 4282 Aldersgate”
470 4208 521 4280 (uo
546 4206 637 4281 date),
659 4207 683 4264 is
705 4205 736 4264 in
759 4207 809 4266 the
830 4205 936 4266 Selden
958 4207 1108 4265 collection
1128 4207 1159 4264 in
1177 4206 1228 4264 the
1249 4205 1401 4264 Bodleian.

254 4303 324 4362 'Ihis
338 4303 423 4362 Latin
442 4305 550 4380 reprint
563 4305 588 4362 is
602 4305 687 4362 taken
700 4304 775 4363 from
793 4325 831 4363 an
844 4305 951 4364 edition
965 4307 998 4364 oi
1008 4307 1071 4364 that
1087 4305 1185 4380 period
1200 4307 1265 4379 (bnt
1278 4305 1403 4364 without

257 4405 347 4477 date),
362 4403 470 4462 several
484 4404 579 4480 copies
593 4403 625 4462 oi
635 4405 729 4463 which
743 4424 791 4463 arc
805 4405 834 4462 iu
849 4406 899 4463 the
913 4423 991 4463 same
1005 4403 1165 4462 collection.

298 4502 401 4580 Comp.
417 4503 530 4570 Collier,
546 4503 601 4561 vol.
611 4504 641 4562 ii.
657 4524 685 4580 p.
699 4519 768 4580 530.
