3140 4972
215 209 324 294 1604]
440 210 659 275 &maram
673 211 740 275 aad
758 214 880 277 0333113
894 215 1137 280 Ecclesiastical.
1290 212 1358 282 169

212 385 433 479 presbyteris,
460 395 523 457 aut
553 387 708 458 diaconis
734 388 924 474 habendos,
949 393 1152 484 priusquam
1182 393 1227 462 ad
1256 413 1354 462 sacra

211 499 274 571 1113
306 500 421 572 officia
449 503 554 574 3113111
587 505 845 575 ordinationem
878 507 1011 578 fuerint
1043 508 1173 601 adepti,
1211 529 1354 578 excom-

211 618 414 688 municetur
430 620 508 712 ipso
530 619 637 704 facto,
660 620 863 693 nullatenus
885 625 1129 710 absolvendus,
1150 626 1354 718 priusquam

212 737 409 831 resipuerit,
426 760 468 808 ac
484 737 610 831 impios
625 737 692 810 hos
708 762 842 812 errores
858 741 1000 834 publice
1016 743 1199 814 revocarit.

214 1035 284 1106 IX.
308 1034 479 1110 Amatores
494 1036 688 1110 schismatis
704 1063 745 1110 uc
761 1039 904 1111 dissidii
924 1037 966 1111 ab
983 1039 1133 1112 3331331111
1147 1038 1379 1138 Amyticcrrcet

587 1156 823 1228 communione
839 1157 989 1228 coerciti.

264 1319 475 1415 Quicunque
497 1325 713 1418 inposterum
730 1349 753 1396 3
768 1335 969 1396 sanctorum
993 1327 1251 1408 communione,
1269 1349 1355 1418 qua-

213 1436 296 1508 liter
311 1439 348 1507 in
365 1438 513 1510 ecclesia
529 1439 729 1535 Angiicana
749 1443 880 1512 existet
898 1465 944 1512 ex
960 1443 1199 1536 apostolorum
1223 1442 1354 1536 regulis

214 1555 417 1647 approbata,
460 1557 590 1649 seipsos
632 1558 878 1652 segregabunt,
913 1567 951 1628 et
990 1582 1082 1630 novo
1122 1560 1353 1631 fraternitatis

214 1671 395 1762 eujusdam
422 1673 554 1743 foedere
579 1674 779 1757 consociati,
801 1673 1007 1745 christianos
1028 1698 1159 1758 omnes,
1177 1683 1353 1768 quotquot
1365 1697 1398 1736 10

214 1789 392 1872 doctrina,
406 1789 605 1882 disciplina,
623 1790 758 1873 ritibus,
776 1813 817 1861 ac
835 1791 1041 1862 ceremoniis
1058 1791 1214 1863 ecclesia
1228 1790 1355 1886 Angli-

215 1929 310 1977 canae
323 1929 360 1977 se
374 1908 570 1978 conformes
582 1907 763 1989 exhibent,
777 1906 975 2000 prophanos
988 1907 1130 1990 ducent,
1142 1917 1179 1977 et
1192 1908 1354 2002 indignos

215 2023 425 2116 quibuscum
439 2024 476 2092 in
490 2023 678 2094 christiana
694 2024 908 2117 professione
926 2025 1197 2107 communicent,
1212 2047 1355 2094 excom-

214 2143 443 2211 municentur
458 2140 533 2234 ipso
550 2142 656 2225 facto,
673 2165 745 2211 non
768 2141 835 2210 nisi
857 2163 921 2233 per
937 2140 1237 2234 archiepiscopum
1254 2142 1355 2212 resti-

215 2258 349 2341 tuendi,
367 2257 473 2350 idque
489 2267 678 2353 postquam
695 2257 916 2352 resipuerint,
934 2280 976 2327 ac
996 2258 1122 2350 impios
1139 2257 1204 2328 hos
1221 2281 1353 2330 errores
1364 2279 1397 2339 15

215 2374 357 2468 publice
374 2376 581 2446 revocarint.

258 2673 308 2746 X.
350 2671 656 2748 Schismaticorum
690 2676 730 2746 in
762 2672 901 2747 33313313
934 2673 1131 2772 ,duplicabo
1153 2671 1315 2770 sectores

713 2793 861 2864 coerciti.

278 2958 489 3052 Quicunque
528 2961 745 3054 inposterum
785 2957 1020 3040 affirmabunt,
1059 2967 1136 3028 tum
1178 2958 1355 3028 ministros

218 3076 306 3160 illos,
325 3077 385 3169 qui
403 3078 523 3148 formae
541 3087 578 3148 et
598 3076 705 3148 modo
722 3076 831 3147 divini
858 3072 975 3166 cuitus
1001 3075 1037 3143 in
1063 3074 1212 3145 ecclesia
1228 3073 1400 3168 Angli-20

218 3216 306 3264 33113
325 3194 535 3276 constitutis,
553 3217 594 3264 ao
617 3193 654 3262 in
676 3191 767 3262 libro
790 3190 938 3283 publicae
963 3189 1114 3284 liturgia
1136 3191 1354 3283 prescriptio,

218 3317 381 3381 recusant
398 3308 625 3391 subscribere,
642 3317 721 3378 tum
738 3330 859 3377 eorum
878 3308 986 3377 etiam
1005 3317 1195 3379 sectatores
1212 3307 1356 3380 alterius

220 3421 386 3502 ecclesiae,
412 3445 489 3512 quae
514 3444 584 3491 non
614 3421 660 3490 sit
690 3419 770 3514 lege
795 3419 959 3504 stabilita,
988 3443 1117 3490 nomen
1143 3430 1181 3490 et
1209 3421 1356 3492 titulum

219 3560 320 3630 posse
350 3537 416 3609 sibi
449 3537 577 3608 merito
611 3559 816 3621 assumere3
852 3537 1010 3630 itemque
1039 3538 1220 3609 audebunt
1250 3539 1356 3632 vulgo

220 3677 427 3736 asseverare,
460 3661 668 3746 praetensam
701 3652 792 3724 hanc
825 3654 980 3746 ipsomm
1010 3655 1194 3726 ecclesiam
1218 3655 1356 3747 jamdiu
1367 3676 1401 3735 25

220 3771 432 3865 ingemuisse
449 3770 514 3841 sub
527 3793 633 3841 onere
650 3778 826 3840 certorum
843 3773 1095 3865 gravaminum,
1108 3771 1173 3842 sibi
1192 3780 1230 3841 et
1246 3794 1358 3841 mem-

220 3888 292 3958 bris
314 3887 386 3958 suis
408 3887 615 3978 supradictis
639 3886 882 3978 impositorum
907 3910 971 3979 per
987 3886 1173 3958 ecclesiam
1189 3885 1359 3981 Anglica-

88 4097 91 4102 Ι
220 4029 314 4088 nam,
331 4029 371 4076 ac
390 4004 532 4074 decreta
547 4012 585 4074 et
602 4003 799 4074 sanctiones
816 4003 852 4072 in
870 4005 993 4074 eadem
1017 4003 1154 4097 legibus
1173 4005 1357 4090 stabilitas,

220 4121 572 4194 excommunicentur
588 4121 664 4212 ipso
680 4121 785 4203 facto,
798 4119 999 4191 nullatenus
1017 4120 1229 4204 absolvendi,
1247 4124 1358 4214 prius·

220 4261 327 4332 quam
357 4237 576 4330 resipuerint,
605 4259 647 4307 33
676 4237 803 4329 impios
831 4235 896 4306 hos
926 4259 1059 4308 errores
1088 4237 1230 4330 publice
1258 4261 1403 4320 ravo-30

221 4356 344 4427 corint.
