3140 4972
181 227 290 312 1604]
409 227 711 294 &marmarum
726 227 849 291 Oenone
863 223 1104 291 Eccboiacticol.
1256 225 1321 292 193

177 411 234 475 eet
256 403 468 490 licentiatus,
485 407 523 476 in
543 425 607 476 sua
622 404 731 499 ipsius
747 425 832 475 cura
848 401 904 476 vel
922 401 1007 474 alibi
1026 401 1145 474 locum
1162 399 1318 493 aliquem

177 520 370 613 scripturae,
396 531 460 594 aut
489 521 657 592 doctrina
682 543 786 592 secrae
807 543 984 615 exponere
1013 525 1223 613 praesumat;
1255 518 1318 624 sed

176 635 292 708 solum
325 646 408 731 epte
441 647 480 710 et
513 638 679 709 distincte
708 639 783 709 siue
815 637 939 732 glossis
972 645 1035 707 eut
1064 634 1317 705 additamentis

176 751 296 846 legere
329 754 486 825 studebit
525 753 688 826 homilias
726 755 868 849 publica
901 752 1112 824 auctoritate
1144 751 1316 821 hactenus

175 870 299 953 editas,
325 879 388 940 aut
413 872 458 942 de
488 879 615 942 caetero
645 871 807 954 edendas,
836 872 874 941 in
900 892 991 941 verce
1015 869 1098 940 fidei
1133 867 1342 948 confirma-5

174 985 320 1070 tionem,
347 995 385 1058 et
409 987 530 1081 populi
554 988 823 1060 instinctionem
847 995 955 1079 atque
980 984 1257 1056 edificationem.

176 1209 219 1282 L.
256 1208 521 1286 Coucionotorer
546 1213 725 1287 adventitii
753 1211 876 1309 ubsque
904 1210 1056 1310 lepitimo
1080 1209 1243 1281 missione
1269 1207 1317 1280 od

453 1329 723 1420 concionandum
739 1353 810 1404 eoo
827 1327 1040 1402 admittendi.

224 1491 402 1578 Minister,
424 1497 607 1579 oeconomi,
630 1494 759 1588 aliique
780 1494 934 1568 ecclesie
955 1493 1110 1565 officiarii
1133 1494 1313 1566 neminem

172 1610 354 1702 patientur
369 1611 408 1681 in
424 1612 496 1683 suis
513 1612 670 1684 ecclesiis
692 1621 755 1684 aut
777 1611 921 1705 capellis
942 1610 1150 1692 sensionem,
1167 1609 1234 1680 nisi
1252 1609 1312 1703 qui
1324 1635 1357 1674 10

173 1723 328 1797 licentiis
349 1727 421 1798 suis
443 1727 489 1798 ed
511 1729 771 1822 predicandum
796 1727 974 1810 exhibitis,
985 1727 1083 1819 justa
1100 1725 1313 1798 auctoritate

173 1839 366 1940 (utsupra)
383 1845 420 1913 in
437 1867 517 1916 eam
533 1853 669 1940 partem
686 1844 815 1917 muniti
832 1844 1102 1938 comperientur.

174 2067 237 2141 LI.
263 2067 418 2142 Advorte
435 2071 698 2154 membnotorea
714 2069 786 2142 aiei
808 2068 996 2141 accendet
1014 2065 1205 2137 testimonio
1222 2087 1312 2136 com-

222 2185 384 2271 mendeti,
401 2185 450 2258 cd
467 2185 737 2260 concionandum
754 2187 794 2257 ia
810 2183 958 2258 ecclesiis
978 2178 1226 2255 cathedralibus
1242 2204 1313 2253 nort

222 2301 436 2376 admt'lldndt'.
1321 2333 1354 2391 15

223 2451 370 2537 Decani,
394 2453 562 2549 praefecti,
586 2462 624 2524 et
650 2452 882 2524 residentiarii
907 2451 1116 2524 cathedralis
1142 2459 1179 2522 et
1205 2447 1311 2521 colle-

171 2571 276 2664 gietae
317 2573 473 2646 ecclesiae
511 2573 751 2666 cujuscunque
791 2569 925 2640 nemini
967 2577 1135 2639 extraneo
1168 2567 1207 2636 in
1239 2565 1311 2637 suis

172 2686 330 2761 ecclesiis
347 2691 578 2763 concionandi
600 2694 814 2782 potestatem
832 2685 973 2768 facient,
990 2684 1056 2756 nisi
1074 2684 1135 2777 qui
1152 2682 1310 2776 ejusdem

171 2808 359 2896 provinciae
376 2807 637 2901 archiepiscopi,
654 2813 718 2876 aut
740 2803 894 2897 episcopi
912 2802 1109 2884 dioeceseui,
1126 2798 1183 2870 vel
1205 2798 1312 2870 alter-

170 2925 285 2995 utrius
308 2926 496 2997 academia
518 2922 771 3017 approbatione
794 2920 958 2992 suffultus
977 2920 1123 2990 venerit.
1174 2916 1309 3001 Quodsi
1319 2942 1353 2980 ιο

171 3061 279 3130 quem
297 3043 485 3136 contigerit
501 3042 539 3111 in
556 3041 725 3111 concione
741 3061 805 3108 sua
820 3039 949 3130 dogma
971 3034 1114 3128 aliquod
1140 3035 1176 3104 in
1199 3056 1310 3126 popu-

170 3150 247 3227 lum
273 3158 499 3230 disseminare
521 3155 578 3226 vel
604 3175 735 3224 novum
758 3152 815 3223 vel
840 3153 957 3222 minus
982 3173 1176 3221 consonum
1201 3151 1309 3220 verbo

170 3272 300 3358 divino,
311 3273 420 3346 ullive
434 3297 479 3345 ex
492 3272 669 3366 religionis
681 3269 838 3340 articulis
848 3271 884 3338 in
894 3269 1026 3362 synodo
1039 3289 1131 3338 anno
1142 3286 1308 3338 muaxn.

169 3391 381 3483 approbetis,
404 3400 467 3461 aut
492 3391 600 3460 etiem
623 3387 713 3458 libro
740 3408 886 3479 precum
908 3383 1149 3478 publicarum3
1185 3382 1308 3453 decani

169 3515 234 3576 aut
255 3507 489 3578 residentiarii
506 3527 612 3598 quam
635 3512 803 3597 poterunt
826 3510 964 3572 mature
987 3523 1050 3594 per
1072 3498 1192 3571 literas
1218 3523 1351 3584 suas,25

169 3644 293 3691 eorum
310 3645 418 3694 manu
435 3620 658 3714 subscriptas,
671 3621 732 3712 qui
748 3618 881 3690 dictam
898 3617 1103 3689 concionem
1120 3616 1306 3703 audierint,

169 3738 334 3832 episcopo
352 3739 548 3810 dioecesano
565 3737 602 3807 id
619 3735 845 3823 intimabunt,
862 3759 933 3828 quo
956 3736 996 3818 is,
1013 3735 1107 3828 quod
1127 3733 1194 3826 ipsi
1211 3733 1308 3804 vide-

167 3852 275 3938 bitur,
294 3854 339 3926 de
356 3878 399 3926 eo
416 3863 561 3927 statuat.

217 4104 301 4177 LII.
351 4106 639 4182 Coeoiorretorum
666 4107 874 4180 aduenarum
903 4105 1044 4178 nomino
1069 4106 1108 4176 ie
1131 4101 1255 4176 librum

665 4221 857 4319 reserenda.
1312 4228 1348 4283 30

219 4386 273 4460 Ut
289 4391 453 4483 episcopo
471 4389 589 4481 (causa
612 4391 649 4461 id
670 4388 886 4484 postulante)
910 4396 1069 4461 constare
1090 4389 1209 4481 possit,
1227 4395 1305 4458 tum

167 4527 246 4596 qna
279 4505 465 4577 conciones
494 4508 531 4577 in
560 4505 706 4600 singulis
735 4505 891 4579 ecclesiis
920 4529 991 4576 suee
1023 4505 1212 4576 dioeceseos
1244 4503 1306 4575 ha·
1410 4549 1412 4552 -

725 4641 746 4684 0
