3118 4968
222 195 330 282 1571.]
451 195 666 263 Constitutione
680 192 746 258 aad
761 193 878 288 comas
891 189 1365 256 naamon-125

219 371 456 452 ecclesiarum,
474 382 538 443 aut
554 371 690 466 uspiam
713 368 798 440 alibi
815 368 939 440 diebus
962 367 1073 450 festis,
1089 375 1154 438 aut
1171 365 1366 448 dominicis,

219 489 362 560 interim
392 490 478 559 dum
506 489 688 583 peragitur
712 509 791 580 pars
820 484 939 577 alique
961 485 1050 554 sacri
1079 483 1277 566 ministerii,
1304 495 1366 556 aut

218 605 372 676 babetur
388 628 486 677 sacra
502 607 646 688 conci0;
672 627 738 675 nec
755 611 797 672 ut
813 603 968 672 mendici
989 611 1052 672 aut
1069 623 1220 684 errones,
1239 601 1368 694 quibus

220 722 319 793 nulla
343 731 398 793 est
424 730 522 792 certa
544 723 654 796 sedes.
678 729 756 791 toto
776 719 838 789 illo
864 740 1043 789 sacrorum
1068 728 1132 790 aut
1156 719 1366 789 concionum

220 849 380 932 tempore
397 839 553 910 harreant
569 839 606 909 in
619 837 822 909 coemeterio
836 834 893 905 vel
911 835 948 905 in
965 836 1126 928 porticu3
1143 835 1206 906 sed
1223 834 1391 911 mandes

219 956 320 1040 bunt,
338 965 379 1027 ut
396 965 459 1027 aut
475 956 728 1050 ingrediantur,
746 963 809 1026 ant
826 955 1019 1025 discedant.

270 1071 521 1144 Observabunt
536 1073 645 1143 etiam
665 1081 772 1165 atque
793 1072 972 1165 inquirent
993 1070 1182 1166 diligenter
1198 1072 1299 1163 ecqui
1321 1093 1366 1140 ex

220 1190 448 1284 parochianis,
467 1189 685 1282 temporibus
709 1188 789 1283 lege
811 1189 1026 1273 constitutis,
1042 1197 1105 1259 aut
1128 1212 1199 1258 non
1223 1188 1368 1258 veniant

220 1308 265 1380 ad
290 1307 466 1390 ecclosias,
484 1317 547 1378 aut
572 1307 706 1377 tardius
722 1314 761 1376 et
786 1306 1023 1400 negligentius
1046 1305 1201 1376 veniant.
1253 1303 1369 1388 Quos-

220 1447 290 1518 que
319 1425 519 1495 invenerint
554 1423 752 1517 deliquisse,
782 1424 819 1493 in
847 1445 908 1494 eos
938 1445 984 1494 ex
1014 1422 1134 1516 legum
1164 1421 1367 1516 praecripto
1378 1447 1412 1486 10

220 1541 514 1613 animadvertent.
565 1538 815 1611 observabunt
848 1539 969 1620 etiam,
1004 1539 1130 1631 ecquid
1165 1559 1288 1609 omnes
1325 1561 1366 1609 ac

221 1657 350 1753 singuli
363 1657 564 1752 parochiani
575 1658 683 1728 toties
695 1657 866 1727 accedant
879 1656 1069 1728 adsacram
1079 1657 1366 1727 communionem

221 1776 258 1846 in
276 1774 432 1869 singulos
455 1797 574 1858 annos,
592 1775 732 1867 quoties
755 1772 852 1868 leges
869 1781 908 1845 et
933 1781 1068 1845 statuta
1086 1773 1238 1866 jubent;
1264 1775 1366 1867 ecqui

221 1894 329 1963 etiam
351 1891 526 1985 peregrini
549 1899 658 1983 atque
680 1889 824 1962 advenae
841 1913 887 1959 ex
909 1887 987 1961 aliis
1010 1889 1184 1982 parochiis
1205 1889 1367 1983 frequen·

221 2009 292 2080 tius
309 2015 347 2078 et
372 2008 537 2079 usitatius
562 2008 707 2080 veniant
733 2008 778 2080 ad
795 2005 979 2078 ecclesiam
1006 2029 1118 2089 suam,
1134 2005 1284 2100 illosque
1307 2031 1368 2101 pa-
1377 2031 1408 2086 15

221 2125 329 2196 rocho
359 2147 424 2196 suo
448 2125 667 2206 indicabunt,
693 2147 739 2196 ne
764 2123 844 2196 illos
869 2124 961 2196 forte
985 2124 1133 2217 recipiat
1158 2124 1203 2196 ad
1233 2148 1367 2196 sacram

222 2242 507 2313 communionem
535 2241 629 2312 inter
653 2241 750 2329 alios,
775 2242 838 2314 sed
863 2241 908 2313 ad
937 2263 1019 2312 auos
1049 2241 1168 2334 potius
1196 2241 1367 2334 parochos

221 2359 367 2452 rejiciat.

273 2475 427 2547 Nullum
444 2498 510 2549 nec
526 2483 711 2558 rectorem,
729 2496 796 2544 nec
814 2475 982 2546 vicariurn
995 2475 1167 2567 recipient
1184 2476 1230 2546 ad
1245 2476 1368 2547 minis-

222 2593 353 2664 terium
371 2590 527 2664 ecclesie
543 2613 625 2676 suoe,
642 2591 709 2664 nisi
732 2613 839 2684 quem
857 2592 1041 2685 episcopus
1062 2591 1287 2664 institutione
1304 2615 1412 2664 suano

223 2709 479 2803 approbaverit,
496 2715 534 2779 et
556 2708 594 2778 in
620 2707 875 2801 possessionem
900 2706 995 2779 illins
1020 2707 1176 2780 ecclesiae
1197 2709 1367 2780 mandato

223 2849 287 2897 suo
303 2827 450 2897 miserit.
484 2823 566 2896 Nec
582 2824 774 2918 parochum
792 2825 972 2918 recipient,
989 2825 1056 2896 nisi
1073 2824 1184 2898 literis
1197 2833 1234 2896 et
1251 2825 1367 2921 sigillo

224 2943 378 3037 episcopi
394 2943 604 3014 nominatim
622 2941 674 3013 illi
691 2941 847 3012 ecclesiae
864 2943 1163 3014 commendatum.
1214 2941 1320 3026 Quod
1338 2943 1367 3012 si

222 3070 348 3142 rector,
366 3059 526 3142 vicarius,
543 3066 606 3129 aut
622 3057 795 3151 parochus
816 3057 919 3130 aliter
941 3081 978 3130 se
995 3067 1095 3153 gerat
1118 3059 1155 3129 in
1172 3059 1368 3130 ministerio

224 3201 288 3249 suo
305 3176 480 3256 obeundo,
497 3183 561 3245 ant
578 3174 673 3267 quod
689 3173 783 3244 male
800 3183 839 3244 et
862 3174 1019 3258 obscure,
1037 3183 1076 3244 et
1092 3175 1238 3246 contuse
1260 3173 1367 3269 legat,
1377 3198 1410 3254 25

223 3302 286 3364 unt
303 3293 397 3386 quod
421 3290 571 3363 solutius
591 3299 629 3362 et
650 3290 765 3362 laxius
781 3293 888 3372 vivat,
906 3313 1012 3384 quam
1034 3290 1216 3363 bominem
1239 3295 1368 3387 parsit

224 3411 300 3503 ejus
317 3409 457 3492 ordinis,
476 3417 513 3480 et
530 3431 577 3479 ex
594 3431 637 3479 ea
653 3431 691 3478 re
708 3408 823 3503 gravis
836 3407 982 3479 offensio
999 3410 1229 3502 suscipietur;
1248 3410 1368 3481 reditui

224 3548 308 3597 eum
325 3533 464 3598 mature
481 3525 642 3597 delerent
665 3525 710 3596 ad
728 3526 943 3618 episcopum,
960 3533 1003 3597 ut
1018 3527 1278 3619 quamprimum
1295 3527 1370 3598 ani-

223 3642 421 3714 madversio
438 3641 555 3736 aliqua
571 3652 608 3714 et
625 3643 703 3714 vitii
721 3641 923 3713 emendatio
940 3651 1186 3735 consequatur.

274 3757 399 3852 thue
423 3760 606 3853 episcopus
631 3758 819 3853 intelligat,
837 3780 914 3850 quac
939 3759 1126 3830 conciones
1147 3757 1277 3828 babitae
1293 3757 1414 3845 fue-30

224 3875 295 3945 rint
311 3875 349 3945 in
365 3875 512 3971 singulis
535 3875 692 3948 ecclesiis
714 3898 787 3946 suoe
809 3874 1020 3960 dioeceseos3
1046 3875 1167 3946 oeditui
1185 3874 1369 3958 curabunt,

223 4001 266 4061 ut
294 3992 439 4062 nomina
467 3993 625 4063 omnium
655 3993 952 4075 concionatorum,
983 3991 1043 4084 qui
1069 3992 1114 4062 ad
1144 4013 1182 4063 se
1206 3991 1370 4062 alicunde

224 4108 395 4193 venerint,
421 4117 638 4180 annotentur
658 4110 696 4179 in
717 4107 850 4192 libello,
870 4131 977 4202 quem
1000 4107 1185 4180 habebunt
1207 4116 1370 4202 paratum

224 4226 261 4295 in
278 4247 360 4295 eum
378 4247 493 4309 nsum,
511 4233 623 4317 utque
639 4227 677 4294 in
693 4226 821 4296 eodem
838 4224 961 4298 libello
978 4226 1204 4297 concionator
1221 4225 1370 4318 quisque

225 4342 420 4414 subscribat
437 4364 567 4414 nomen
585 4365 698 4427 suum,
716 4351 754 4414 et
771 4342 958 4437 diemque
974 4342 1139 4415 habuerit
1152 4343 1413 4430 concionem‚³5
